%%%%%%%%%%%%%%%%%%%%%%%%%%%%%%%%%%%%%%%%%%%%%%%%%%%%%%%%%%%%%%%%%%%%%%%%%%%%%%%%%%%%%%%%%%%%%%%%
%------------------------------------INTRODUCTION ------------------------------------------------%
%%%%%%%%%%%%%%%%%%%%%%%%%%%%%%%%%%%%%%%%%%%%%%%%%%%%%%%%%%%%%%%%%%%%%%%%%%%%%%%%%%%%%%%%%%%%%%%%

@inproceedings{BSM,
      author         = "Lykken, Joseph D.",
      title          = "{Beyond the Standard Model}",
      booktitle      = "{CERN Yellow Report CERN-2010-002, 101-109}",
      url            = "http://lss.fnal.gov/cgi-bin/find_paper.pl?conf-10-103",
      year           = "2010",
      eprint         = "1005.1676",
      archivePrefix  = "arXiv",
      primaryClass   = "hep-ph",
      reportNumber   = "FERMILAB-CONF-10-103-T",
      SLACcitation   = "%%CITATION = ARXIV:1005.1676;%%"
}

@article{Langacker:2008yv,
      author         = "Langacker, Paul",
      title          = "{The Physics of Heavy $Z^\prime$ Gauge Bosons}",
      journal        = "Rev. Mod. Phys.",
      volume         = "81",
      year           = "2009",
      pages          = "1199-1228",
      doi            = "10.1103/RevModPhys.81.1199",
      eprint         = "0801.1345",
      archivePrefix  = "arXiv",
      primaryClass   = "hep-ph",
      SLACcitation   = "%%CITATION = ARXIV:0801.1345;%%"
}


@article{CDFZprimedielectronbib,
      author         = "Aaltonen, T. and others",
      title          = "{Search for High-Mass $e^+$ e- Resonances in $p \bar{p}$
                        Collisions at $\sqrt{s}$ = 1.96-TeV}",
      collaboration  = "CDF",
      journal        = "Phys. Rev. Lett.",
      volume         = "102",
      year           = "2009",
      pages          = "031801",
      doi            = "10.1103/PhysRevLett.102.031801",
      eprint         = "0810.2059",
      archivePrefix  = "arXiv",
      primaryClass   = "hep-ex",
      reportNumber   = "FERMILAB-PUB-08-434-E",
      SLACcitation   = "%%CITATION = ARXIV:0810.2059;%%"
}

@article{CDFZprimedimuonbib,
      author         = "Aaltonen, T. and others",
      title          = "{Search for High Mass Resonances Decaying to Muon Pairs
                        in $\sqrt{s}=1.96$ TeV $p\bar{p}$ Collisions}",
      collaboration  = "CDF",
      journal        = "Phys. Rev. Lett.",
      volume         = "106",
      year           = "2011",
      pages          = "121801",
      doi            = "10.1103/PhysRevLett.106.121801",
      eprint         = "1101.4578",
      archivePrefix  = "arXiv",
      primaryClass   = "hep-ex",
      reportNumber   = "FERMILAB-PUB-11-016-E",
      SLACcitation   = "%%CITATION = ARXIV:1101.4578;%%"
}

@article{CDFZprimeditaubib,
      author         = "Acosta, D. and others",
      title          = "{Search for new physics using high mass tau pairs from
                        1.96 TeV $p\bar{p}$ collisions}",
      collaboration  = "CDF",
      journal        = "Phys. Rev. Lett.",
      volume         = "95",
      year           = "2005",
      pages          = "131801",
      doi            = "10.1103/PhysRevLett.95.131801",
      eprint         = "hep-ex/0506034",
      archivePrefix  = "arXiv",
      primaryClass   = "hep-ex",
      reportNumber   = "FERMILAB-PUB-05-251-E",
      SLACcitation   = "%%CITATION = HEP-EX/0506034;%%"
}

@article{CDFZprimeditopbib,
      author         = "Aaltonen, T. and others",
      title          = "{A Search for resonant production of $t\bar{t}$ pairs in
                        $4.8\ \rm{fb}^{-1}$ of integrated luminosity of $p\bar{p}$
                        collisions at $\sqrt{s}=1.96\ \rm{TeV}$}",
      collaboration  = "CDF",
      journal        = "Phys. Rev.",
      volume         = "D84",
      year           = "2011",
      pages          = "072004",
      doi            = "10.1103/PhysRevD.84.072004",
      eprint         = "1107.5063",
      archivePrefix  = "arXiv",
      primaryClass   = "hep-ex",
      reportNumber   = "FERMILAB-PUB-11-350-E, CDF-PUB-TOP-CDFR-10468",
      SLACcitation   = "%%CITATION = ARXIV:1107.5063;%%"
}

@article{D0Zprimesearchesbib,
      author         = "Abachi, S. and others",
      title          = "{Search for additional neutral gauge bosons}",
      collaboration  = "D0",
      journal        = "Phys. Lett.",
      volume         = "B385",
      year           = "1996",
      pages          = "471-478",
      doi            = "10.1016/0370-2693(96)00932-X",
      reportNumber   = "FERMILAB-PUB-96-187-E, FSU-SCRI-97-62",
      SLACcitation   = "%%CITATION = PHLTA,B385,471;%%"
}

@article{D0Zprimetodielectronbib,
      author         = "Abazov, Victor Mukhamedovich and others",
      title          = "{Search for a heavy neutral gauge boson in the dielectron
                        channel with 5.4 fb-1 of $p\bar{p}$ collisions at sqrt(s)
                        = 1.96 TeV}",
      collaboration  = "D0",
      journal        = "Phys. Lett.",
      volume         = "B695",
      year           = "2011",
      pages          = "88-94",
      doi            = "10.1016/j.physletb.2010.10.059",
      eprint         = "1008.2023",
      archivePrefix  = "arXiv",
      primaryClass   = "hep-ex",
      reportNumber   = "FERMILAB-PUB-10-300-E",
      SLACcitation   = "%%CITATION = ARXIV:1008.2023;%%"
}

@article{D0Zprimeditopbib,
      author         = "Abazov, Victor Mukhamedovich and others",
      title          = "{Search for a Narrow $t\bar{t}$ Resonance in $p\bar{p}$
                        Collisions at $\sqrt{s}=1.96$ TeV}",
      collaboration  = "D0",
      journal        = "Phys. Rev.",
      volume         = "D85",
      year           = "2012",
      pages          = "051101",
      doi            = "10.1103/PhysRevD.85.051101",
      eprint         = "1111.1271",
      archivePrefix  = "arXiv",
      primaryClass   = "hep-ex",
      reportNumber   = "FERMILAB-PUB-11-599-E, FERMILAB-PUB-05-599-E",
      SLACcitation   = "%%CITATION = ARXIV:1111.1271;%%"
}

@article{CMSZprime2dileptonbib,
      author         = "Khachatryan, Vardan and others",
      title          = "{Search for physics beyond the standard model in dilepton
                        mass spectra in proton-proton collisions at $ \sqrt{s}=8 $
                        TeV}",
      collaboration  = "CMS",
      journal        = "JHEP",
      volume         = "04",
      year           = "2015",
      pages          = "025",
      doi            = "10.1007/JHEP04(2015)025",
      eprint         = "1412.6302",
      archivePrefix  = "arXiv",
      primaryClass   = "hep-ex",
      reportNumber   = "CMS-EXO-12-061, CERN-PH-EP-2014-272",
      SLACcitation   = "%%CITATION = ARXIV:1412.6302;%%"
}

@article{CMSZprime2ditaubib,
      author         = "Chatrchyan, Serguei and others",
      title          = "{Search for high-mass resonances decaying into $\tau$-lepton
                        pairs in pp collisions at $\sqrt{s}=7$ TeV}",
      collaboration  = "CMS",
      journal        = "Phys. Lett.",
      volume         = "B716",
      year           = "2012",
      pages          = "82-102",
      doi            = "10.1016/j.physletb.2012.07.062",
      eprint         = "1206.1725",
      archivePrefix  = "arXiv",
      primaryClass   = "hep-ex",
      reportNumber   = "CMS-EXO-11-031, CERN-PH-EP-2012-137",
      SLACcitation   = "%%CITATION = ARXIV:1206.1725;%%"
}

@article{CMSZprime2tausRunII,
      author         = "Khachatryan, Vardan and others",
      title          = "{Search for heavy resonances decaying to tau lepton pairs
                        in proton-proton collisions at $ \sqrt{s}=13 $ TeV}",
      collaboration  = "CMS",
      journal        = "JHEP",
      volume         = "02",
      year           = "2017",
      pages          = "048",
      doi            = "10.1007/JHEP02(2017)048",
      eprint         = "1611.06594",
      archivePrefix  = "arXiv",
      primaryClass   = "hep-ex",
      reportNumber   = "CMS-EXO-16-008, CERN-EP-2016-273",
      SLACcitation   = "%%CITATION = ARXIV:1611.06594;%%"
}

@article{CMSZprime2ditauelectronmuonbib,
      author         = "CMS Collaboration",
      title          = "{Z' to tau tau - emu final state}",
      collaboration  = "CMS",
      year           = "2015",
      reportNumber   = "CMS-PAS-EXO-12-046",
      SLACcitation   = "%%CITATION = CMS-PAS-EXO-12-046;%%"
}

@article{CMSZprime2toptop,
      author         = "Chatrchyan, Serguei and others",
      title          = "{Searches for new physics using the $t\bar{t}$ invariant
                        mass distribution in pp collisions at
                        $\sqrt{s}$=8  TeV}",
      collaboration  = "CMS",
      journal        = "Phys. Rev. Lett.",
      volume         = "111",
      year           = "2013",
      number         = "21",
      pages          = "211804",
      doi            = "10.1103/PhysRevLett.111.211804,
                        10.1103/PhysRevLett.112.119903",
      note           = "[Erratum: Phys. Rev. Lett.112,no.11,119903(2014)]",
      eprint         = "1309.2030",
      archivePrefix  = "arXiv",
      primaryClass   = "hep-ex",
      reportNumber   = "CMS-B2G-13-001, CERN-PH-EP-2013-162",
      SLACcitation   = "%%CITATION = ARXIV:1309.2030;%%"
}

@article{CMSZprime2bbbib,
      title          = "{Search for Heavy Resonances Decaying into bb and bg
                        Final States in pp Collisions at sqrt(s) = 8 TeV}",
      collaboration  = "CMS",
      year           = "2012",
      reportNumber   = "CMS-PAS-EXO-12-023",
      SLACcitation   = "%%CITATION = CMS-PAS-EXO-12-023;%%"
}

@article{CMSZprime2dijetbib,
      author         = "Chatrchyan, Serguei and others",
      title          = "{Search for narrow resonances using the dijet mass
                        spectrum in pp collisions at $\sqrt{s}$=8  TeV}",
      collaboration  = "CMS",
      journal        = "Phys. Rev.",
      volume         = "D87",
      year           = "2013",
      number         = "11",
      pages          = "114015",
      doi            = "10.1103/PhysRevD.87.114015",
      eprint         = "1302.4794",
      archivePrefix  = "arXiv",
      primaryClass   = "hep-ex",
      reportNumber   = "CMS-EXO-12-016, CERN-PH-EP-2013-015",
      SLACcitation   = "%%CITATION = ARXIV:1302.4794;%%"
}


@article{ATLASZprime2dileptonbib,
      author         = "Aad, Georges and others",
      title          = "{Search for high-mass dilepton resonances in pp
                        collisions at $\sqrt{s}=8$  TeV with the ATLAS
                        detector}",
      collaboration  = "ATLAS",
      journal        = "Phys. Rev.",
      volume         = "D90",
      year           = "2014",
      number         = "5",
      pages          = "052005",
      doi            = "10.1103/PhysRevD.90.052005",
      eprint         = "1405.4123",
      archivePrefix  = "arXiv",
      primaryClass   = "hep-ex",
      reportNumber   = "CERN-PH-EP-2014-053",
      SLACcitation   = "%%CITATION = ARXIV:1405.4123;%%"
}

@article{ATLASZprime2ditaubib,
      author         = "Aad, Georges and others",
      title          = "{A search for high-mass resonances decaying to
                        $\tau^{+}\tau^{-}$ in $pp$ collisions at $\sqrt{s}=8$ TeV
                        with the ATLAS detector}",
      collaboration  = "ATLAS",
      journal        = "JHEP",
     volume         = "07",
     year           = "2015",
      pages          = "157",
      doi            = "10.1007/JHEP07(2015)157",
      eprint         = "1502.07177",
      archivePrefix  = "arXiv",
      primaryClass   = "hep-ex",
      reportNumber   = "CERN-PH-EP-2015-018",
      SLACcitation   = "%%CITATION = ARXIV:1502.07177;%%"
}

@techreport{ATLASZprime2toptopbib,
      title         = "{A search for $t\bar{t}$ resonances in the lepton plus
                       jets final state with ATLAS using 14 fb$^{−1}$ of pp
                       collisions at $\sqrt{s}=8$ TeV}",
      institution   = "CERN",
      address       = "Geneva",
      number        = "ATLAS-CONF-2013-052",
      month         = "May",
      year          = "2013",
      reportNumber  = "ATLAS-CONF-2013-052",
      url           = "http://cds.cern.ch/record/1547568",
      note          = "Not published in the proceedings",
}

@article{ATLAS_Zprime2tausRunII,
      author         = "Aaboud, Morad and others",
      title          = "{Search for additional heavy neutral Higgs and gauge
                        bosons in the ditau final state produced in 36 fb$^{−1}$
                        of pp collisions at $ \sqrt{s}=13 $ TeV with the ATLAS
                        detector}",
      collaboration  = "ATLAS",
      journal        = "JHEP",
      volume         = "01",
      year           = "2018",
      pages          = "055",
      doi            = "10.1007/JHEP01(2018)055",
      eprint         = "1709.07242",
      archivePrefix  = "arXiv",
      primaryClass   = "hep-ex",
      reportNumber   = "CERN-EP-2017-199",
      SLACcitation   = "%%CITATION = ARXIV:1709.07242;%%"
}








%%%%%%%%%%%%%%%%%%%%%%%%%%%%%%%%%%%%%%%%%%%%%%%%%%%%%%%%%%%%%%%%%%%%%%%%%%%%%%%%%%%%%%%%%%%%%%%%
%------------------------------------CHAPTER 3 ------------------------------------------------%
%%%%%%%%%%%%%%%%%%%%%%%%%%%%%%%%%%%%%%%%%%%%%%%%%%%%%%%%%%%%%%%%%%%%%%%%%%%%%%%%%%%%%%%%%%%%%%%%
  
@techreport{CMS-PAS-PFT-09-001,
      title         = "{Particle-Flow Event Reconstruction in CMS and Performance
                       for Jets, Taus, and MET}",
      institution   = "CERN",
      collaboration = "CMS Collaboration",
      address       = "2009. Geneva",
      number        = "CMS-PAS-PFT-09-001",
      month         = "Apr",
      year          = "2009",
      reportNumber  = "CMS-PAS-PFT-09-001",
      url           = "https://cds.cern.ch/record/1194487",
}

@techreport{CMS-PAS-PFT-10-001,
      title         = "{Commissioning of the Particle-flow Event Reconstruction
                       with the first LHC collisions recorded in the CMS
                       detector}",
      collaboration = "CMS Collaboration",
      address       = "2010",
      number        = "CMS-PAS-PFT-10-001",
      reportNumber  = "CMS-PAS-PFT-10-001",
      url           = "https://cds.cern.ch/record/1247373",
}

@article{Chatrchyan:2014fea,
      author         = "Chatrchyan, Serguei and others",
      title          = "{Description and performance of track and primary-vertex
                        reconstruction with the CMS tracker}",
      collaboration  = "CMS",
      journal        = "JINST",
      volume         = "9",
      year           = "2014",
      number         = "10",
      pages          = "P10009",
      doi            = "10.1088/1748-0221/9/10/P10009",
      eprint         = "1405.6569",
      archivePrefix  = "arXiv",
      primaryClass   = "physics.ins-det",
      reportNumber   = "CMS-TRK-11-001, CERN-PH-EP-2014-070",
      SLACcitation   = "%%CITATION = ARXIV:1405.6569;%%"
}
@article{Fruhwirth:1987fm,
      author         = "Fruhwirth, R.",
      title          = "{Application of Kalman filtering to track and vertex
                        fitting}",
      journal        = "Nucl. Instrum. Meth.",
      volume         = "A262",
      year           = "1987",
      pages          = "444-450",
      doi            = "10.1016/0168-9002(87)90887-4",
      reportNumber   = "HEPHY-PUB-87-503",
      SLACcitation   = "%%CITATION = NUIMA,A262,444;%%"
}


@article{AntiKTAlgorithm,
      author         = "Cacciari, Matteo and Salam, Gavin P. and Soyez, Gregory",
      title          = "{The Anti-k(t) jet clustering algorithm}",
      journal        = "JHEP",
      volume         = "04",
      year           = "2008",
      pages          = "063",
      doi            = "10.1088/1126-6708/2008/04/063",
      eprint         = "0802.1189",
      archivePrefix  = "arXiv",
      primaryClass   = "hep-ph",
      reportNumber   = "LPTHE-07-03",
      SLACcitation   = "%%CITATION = ARXIV:0802.1189;%%"
}

@article{JECpileup,
  author={The CMS collaboration},
  title={Determination of jet energy calibration and transverse momentum resolution in CMS},
  journal={Journal of Instrumentation},
  volume={6},
  number={11},
  pages={P11002},
  url={http://stacks.iop.org/1748-0221/6/i=11/a=P11002},
  year={2011},
}

@article{JESandJER,
      author         = "Khachatryan, Vardan and others",
      title          = "{Jet energy scale and resolution in the CMS experiment in
                        pp collisions at 8 TeV}",
      collaboration  = "CMS",
      journal        = "JINST",
      volume         = "12",
      year           = "2017",
      number         = "02",
      pages          = "P02014",
      doi            = "10.1088/1748-0221/12/02/P02014",
      eprint         = "1607.03663",
      archivePrefix  = "arXiv",
      primaryClass   = "hep-ex",
      reportNumber   = "CMS-JME-13-004, CERN-PH-EP-2015-305",
      SLACcitation   = "%%CITATION = ARXIV:1607.03663;%%"
}

@article{VertexRecoBIB,
      author         = "K. Rose",
      title          = "{Deterministic Annealing for Clustering, Compression, Classification,
			Regression, and Related Optimization Problems}",
      journal        = "Proceedings of the IEEE",
      volume         = "86",
      year           = "1998",
      number         = "11",
      pages          = "2210 - 2239",
      doi            = "10.1109/5.726788",
}

@techreport{Fruhwirth:1027031,
      author        = "Frühwirth, R and Waltenberger, Wolfgang and Vanlaer,
                       Pascal",
      title         = "{Adaptive Vertex Fitting}",
      institution   = "CERN",
      address       = "Geneva",
      number        = "CMS-NOTE-2007-008",
      month         = "Mar",
      year          = "2007",
      reportNumber  = "CMS-NOTE-2007-008",
      url           = "https://cds.cern.ch/record/1027031",
}

@article{Atkin:2015msa,
      author         = "Atkin, Ryan",
      title          = "{Review of jet reconstruction algorithms}",
      booktitle      = "{Proceedings, Workshop on High Energy Particle Physics
                        (HEPPW2015): Johannesburg, South Africa, February 11-13,
                        2015}",
      journal        = "J. Phys. Conf. Ser.",
      volume         = "645",
      year           = "2015",
      number         = "1",
      pages          = "012008",
      doi            = "10.1088/1742-6596/645/1/012008",
      SLACcitation   = "%%CITATION = 00462,645,012008;%%"
}

@techreport{CMS-PAS-JME-07-002,
      title         = "{Plans for Jet Energy Corrections at CMS}",
      institution   = "CERN",
      collaboration = "CMS Collaboration",
      address       = "Geneva",
      number        = "CMS-PAS-JME-07-002",
      month         = "Jul",
      year          = "2008",
      reportNumber  = "CMS-PAS-JME-07-002",
      url           = "https://cds.cern.ch/record/1194485",
}

@article{Salam:2007xv,
      author         = "Salam, Gavin P. and Soyez, Gregory",
      title          = "{A Practical Seedless Infrared-Safe Cone jet algorithm}",
      journal        = "JHEP",
      volume         = "0705",
      pages          = "086",
      doi            = "10.1088/1126-6708/2007/05/086",
      year           = "2007",
      eprint         = "0704.0292",
      archivePrefix  = "arXiv",
      primaryClass   = "hep-ph",
      SLACcitation   = "%%CITATION = ARXIV:0704.0292;%%",
}

@article{Ellis:1993tq,
      author         = "Ellis, Stephen D. and Soper, Davison E.",
      title          = "{Successive combination jet algorithm for hadron
                        collisions}",
      journal        = "Phys.Rev.",
      volume         = "D48",
      pages          = "3160-3166",
      doi            = "10.1103/PhysRevD.48.3160",
      year           = "1993",
      eprint         = "hep-ph/9305266",
      archivePrefix  = "arXiv",
      primaryClass   = "hep-ph",
      reportNumber   = "CERN-TH-6860-93",
      SLACcitation   = "%%CITATION = HEP-PH/9305266;%%",
}

@article{Chatrchyan:2012jua,
      author         = "Chatrchyan, Serguei and others",
      title          = "{Identification of b-quark jets with the CMS experiment}",
      collaboration  = "CMS",
      journal        = "JINST",
      volume         = "8",
      year           = "2013",
      pages          = "P04013",
      doi            = "10.1088/1748-0221/8/04/P04013",
      eprint         = "1211.4462",
      archivePrefix  = "arXiv",
      primaryClass   = "hep-ex",
      reportNumber   = "CMS-BTV-12-001, CERN-PH-EP-2012-262",
      SLACcitation   = "%%CITATION = ARXIV:1211.4462;%%"
}
@article{CMS:2013vea,
      author         = "CMS Collaboration",
      title          = "{Performance of b tagging at sqrt(s)=8 TeV in multijet,
                        ttbar and boosted topology events}",
      collaboration  = "CMS",
      year           = "2013",
      reportNumber   = "CMS-PAS-BTV-13-001",
      SLACcitation   = "%%CITATION = CMS-PAS-BTV-13-001;%%"
}

@article{1742-6596-664-8-082055,
      author	     = "Mia Tosi",
      title	     = "Performance of Tracking, b-tagging and Jet/MET reconstruction at the CMS High Level Trigger",
      journal	     = "Journal of Physics: Conference Series",
      volume	     = "664",
      number	     = "8",
      pages	     = "082055",
      url	     = "http://stacks.iop.org/1742-6596/664/i=8/a=082055",
      year	     = "2015"
}

@article{CMS:2016kkf,
      author         = "CMS Collaboration",
      title          = "{Identification of b quark jets at the CMS Experiment in
                        the LHC Run 2}",
      collaboration  = "CMS",
      year           = "2016",
      reportNumber   = "CMS-PAS-BTV-15-001",
      SLACcitation   = "%%CITATION = CMS-PAS-BTV-15-001;%%"
}

@techreport{CMS-PAS-JME-16-004,
      title         = "{Performance of missing energy reconstruction in 13 TeV pp
                       collision data using the CMS detector}",
      institution   = "CERN",
      collaboration = "CMS Collaboration",
      address       = "Geneva",
      number        = "CMS-PAS-JME-16-004",
      year          = "2016",
      reportNumber  = "CMS-PAS-JME-16-004",
      url           = "http://cds.cern.ch/record/2205284",
}

@article{Chatrchyan:2011tn,
      author         = "Chatrchyan, Serguei and others",
      title          = "{Missing transverse energy performance of the CMS
                        detector}",
      collaboration  = "CMS",
      journal        = "JINST",
      volume         = "6",
      year           = "2011",
      pages          = "P09001",
      doi            = "10.1088/1748-0221/6/09/P09001",
      eprint         = "1106.5048",
      archivePrefix  = "arXiv",
      primaryClass   = "physics.ins-det",
      reportNumber   = "CERN-PH-EP-2011-051, CMS-JME-10-009",
      SLACcitation   = "%%CITATION = ARXIV:1106.5048;%%"
}
