%%%%%%%%%%%%%%%%%%%%%%%%%%%%%%%%%%%%%%%%%%%%%%%%%%%%%%%%%%%%%%%%%%%%%%%%%%%%%%%%%%%%%%%%%%%%%%%%
%------------------------------------CHAPTER 6: RESULTS AND CONCLUSION ------------------------%
%%%%%%%%%%%%%%%%%%%%%%%%%%%%%%%%%%%%%%%%%%%%%%%%%%%%%%%%%%%%%%%%%%%%%%%%%%%%%%%%%%%%%%%%%%%%%%%%

@article{CLs1Cowan,
      author         = "Cowan, Glen and Cranmer, Kyle and Gross, Eilam and
                        Vitells, Ofer",
      title          = "{Asymptotic formulae for likelihood-based tests of new
                        physics}",
      journal        = "Eur. Phys. J.",
      volume         = "C71",
      year           = "2011",
      pages          = "1554",
      doi            = "10.1140/epjc/s10052-011-1554-0,
                        10.1140/epjc/s10052-013-2501-z",
      note           = "[Erratum: Eur. Phys. J.C73,2501(2013)]",
      eprint         = "1007.1727",
      archivePrefix  = "arXiv",
      primaryClass   = "physics.data-an",
      SLACcitation   = "%%CITATION = ARXIV:1007.1727;%%"
}

@inproceedings{CLs2,
      author         = "Read, Alexander L.",
      title          = "{Modified frequentist analysis of search results (The
                        CL(s) method)}",
      booktitle      = "{Workshop on confidence limits, CERN, Geneva,
                        Switzerland, 17-18 Jan 2000: Proceedings}",
      url            = "http://weblib.cern.ch/abstract?CERN-OPEN-2000-205",
      year           = "2000",
      pages          = "81-101",
      reportNumber   = "CERN-OPEN-2000-205",
      SLACcitation   = "%%CITATION = CERN-OPEN-2000-205;%%"
}

@misc{CombinedTool,
author = {CMS Collaboration},
title = {HiggsAnalysisCombinedLimit},
year = {2018},
howpublished = {\url{https://twiki.cern.ch/twiki/bin/viewauth/CMS/SWGuideHiggsAnalysisCombinedLimit}},
note = {Access date 2018-03-14}
}

@article{AN2018,
      author         = "Collaboration",
      title          = "{Search for new physics with high-mass tau pairs with 2016 data}",
      collaboration  = "CMS",
      journal        = "CMS-EXO-17-007, AN-17-274",
      volume         = "To be Published",
      
}

@misc{bib:TauPOGtriggerEff,
author = {CMS Collaboration},
title = {TauPOGTriggerEfficiency},
year = {2018},
howpublished = {\url{https://github.com/rmanzoni/triggertools/blob/master/objects/FitFunctions.py#L68}},
note = {Access date 2018-03-14}
}

@misc{bib:TauPOGTriggerSF,
author = {CMS Collaboration},
title = {TauPOGTriggerSF},
year = {2018},
howpublished = {\url{https://github.com/rmanzoni/triggerSF/blob/master/di-tau/fitresults_tt_moriond2017.json}},
note = {Access date 2018-03-14}
}

