%%%%%%%%%%%%%%%%%%%%%%%%%%%%%%%%%%%%%%%%%%%%%%%%%%%%%%%%%%%%%%%%%%%%%%%%%%%%%%%%%%%%%%%%%%%%%%%%
%------------------------------------INTRODUCTION ------------------------------------------------%
%%%%%%%%%%%%%%%%%%%%%%%%%%%%%%%%%%%%%%%%%%%%%%%%%%%%%%%%%%%%%%%%%%%%%%%%%%%%%%%%%%%%%%%%%%%%%%%%






@inproceedings{BSM,
      author         = "Lykken, Joseph D.",
      title          = "{Beyond the Standard Model}",
      booktitle      = "{CERN Yellow Report CERN-2010-002, 101-109}",
      url            = "http://lss.fnal.gov/cgi-bin/find_paper.pl?conf-10-103",
      year           = "2010",
      eprint         = "1005.1676",
      archivePrefix  = "arXiv",
      primaryClass   = "hep-ph",
      reportNumber   = "FERMILAB-CONF-10-103-T",
      SLACcitation   = "%%CITATION = ARXIV:1005.1676;%%"
}

@article{Langacker:2008yv,
      author         = "Langacker, Paul",
      title          = "{The Physics of Heavy $Z^\prime$ Gauge Bosons}",
      journal        = "Rev. Mod. Phys.",
      volume         = "81",
      year           = "2009",
      pages          = "1199-1228",
      doi            = "10.1103/RevModPhys.81.1199",
      eprint         = "0801.1345",
      archivePrefix  = "arXiv",
      primaryClass   = "hep-ph",
      SLACcitation   = "%%CITATION = ARXIV:0801.1345;%%"
}

@article{TheorySUSY_DM,
      author         = "Araz, Jack Y. and Frank, Mariana and Fuks, Benjamin",
      title          = "{Differentiating $U(1)^\prime$ supersymmetric models with
                        right sneutrino and neutralino dark matter}",
      journal        = "Phys. Rev.",
      volume         = "D96",
      year           = "2017",
      number         = "1",
      pages          = "015017",
      doi            = "10.1103/PhysRevD.96.015017",
      eprint         = "1705.01063",
      archivePrefix  = "arXiv",
      primaryClass   = "hep-ph",
      reportNumber   = "CUMQ-HEP-194",
      SLACcitation   = "%%CITATION = ARXIV:1705.01063;%%"
}

@article{ZprimeThirdGeneration,
      author         = "Diener, Ross and Godfrey, Stephen and Martin, Travis A.
                        W.",
      title          = "{Unravelling an Extra Neutral Gauge Boson at the LHC
                        using Third Generation Fermions}",
      journal        = "Phys. Rev.",
      volume         = "D83",
      year           = "2011",
      pages          = "115008",
      doi            = "10.1103/PhysRevD.83.115008",
      eprint         = "1006.2845",
      archivePrefix  = "arXiv",
      primaryClass   = "hep-ph",
      SLACcitation   = "%%CITATION = ARXIV:1006.2845;%%"
}

@article{TAT,
      author         = "Hill, Christopher T.",
      title          = "{Topcolor assisted technicolor}",
      journal        = "Phys. Lett.",
      volume         = "B345",
      year           = "1995",
      pages          = "483-489",
      doi            = "10.1016/0370-2693(94)01660-5",
      eprint         = "hep-ph/9411426",
      archivePrefix  = "arXiv",
      primaryClass   = "hep-ph",
      reportNumber   = "FERMILAB-PUB-94-395-T",
      SLACcitation   = "%%CITATION = HEP-PH/9411426;%%"
}

@article{CDFZprimedielectronbib,
      author         = "Aaltonen, T. and others",
      title          = "{Search for High-Mass $e^+$ e- Resonances in $p \bar{p}$
                        Collisions at $\sqrt{s}$ = 1.96-TeV}",
      collaboration  = "CDF",
      journal        = "Phys. Rev. Lett.",
      volume         = "102",
      year           = "2009",
      pages          = "031801",
      doi            = "10.1103/PhysRevLett.102.031801",
      eprint         = "0810.2059",
      archivePrefix  = "arXiv",
      primaryClass   = "hep-ex",
      reportNumber   = "FERMILAB-PUB-08-434-E",
      SLACcitation   = "%%CITATION = ARXIV:0810.2059;%%"
}


@article{CDFZprimedimuonbib,
      author         = "Aaltonen, T. and others",
      title          = "{Search for High Mass Resonances Decaying to Muon Pairs
                        in $\sqrt{s}=1.96$ TeV $p\bar{p}$ Collisions}",
      collaboration  = "CDF",
      journal        = "Phys. Rev. Lett.",
      volume         = "106",
      year           = "2011",
      pages          = "121801",
      doi            = "10.1103/PhysRevLett.106.121801",
      eprint         = "1101.4578",
      archivePrefix  = "arXiv",
      primaryClass   = "hep-ex",
      reportNumber   = "FERMILAB-PUB-11-016-E",
      SLACcitation   = "%%CITATION = ARXIV:1101.4578;%%"
}

@article{CDFZprimeditaubib,
      author         = "Acosta, D. and others",
      title          = "{Search for new physics using high mass tau pairs from
                        1.96 TeV $p\bar{p}$ collisions}",
      collaboration  = "CDF",
      journal        = "Phys. Rev. Lett.",
      volume         = "95",
      year           = "2005",
      pages          = "131801",
      doi            = "10.1103/PhysRevLett.95.131801",
      eprint         = "hep-ex/0506034",
      archivePrefix  = "arXiv",
      primaryClass   = "hep-ex",
      reportNumber   = "FERMILAB-PUB-05-251-E",
      SLACcitation   = "%%CITATION = HEP-EX/0506034;%%"
}

@article{CDFZprimeditopbib,
      author         = "Aaltonen, T. and others",
      title          = "{A Search for resonant production of $t\bar{t}$ pairs in
                        $4.8\ \rm{fb}^{-1}$ of integrated luminosity of $p\bar{p}$
                        collisions at $\sqrt{s}=1.96\ \rm{TeV}$}",
      collaboration  = "CDF",
      journal        = "Phys. Rev.",
      volume         = "D84",
      year           = "2011",
      pages          = "072004",
      doi            = "10.1103/PhysRevD.84.072004",
      eprint         = "1107.5063",
      archivePrefix  = "arXiv",
      primaryClass   = "hep-ex",
      reportNumber   = "FERMILAB-PUB-11-350-E, CDF-PUB-TOP-CDFR-10468",
      SLACcitation   = "%%CITATION = ARXIV:1107.5063;%%"
}


@article{D0Zprimesearchesbib,
      author         = "Abachi, S. and others",
      title          = "Search for additional neutral gauge bosons",
      collaboration  = "D0",
      journal        = "Phys. Lett.",
      volume         = "B385",
      year           = "1996",
      pages          = "471-478",
      doi            = "10.1016/0370-2693(96)00932-X",
      reportNumber   = "FERMILAB-PUB-96-187-E, FSU-SCRI-97-62",
      SLACcitation   = "%%CITATION = PHLTA,B385,471;%%"
}

@article{D0Zprimetodielectronbib,
      author         = "Abazov, Victor Mukhamedovich and others",
      title          = "{Search for a heavy neutral gauge boson in the dielectron
                        channel with $5.4\ \rm{fb}^{-1}$ of $p\bar{p}$ collisions at sqrt(s)
                        = 1.96 TeV}",
      collaboration  = "D0",
      journal        = "Phys. Lett.",
      volume         = "B695",
      year           = "2011",
      pages          = "88-94",
      doi            = "10.1016/j.physletb.2010.10.059",
      eprint         = "1008.2023",
      archivePrefix  = "arXiv",
      primaryClass   = "hep-ex",
      reportNumber   = "FERMILAB-PUB-10-300-E",
      SLACcitation   = "%%CITATION = ARXIV:1008.2023;%%"
}

@article{D0Zprimeditopbib,
      author         = "Abazov, Victor Mukhamedovich and others",
      title          = "{Search for a Narrow $t\bar{t}$ Resonance in $p\bar{p}$
                        Collisions at $\sqrt{s}=1.96$ TeV}",
      collaboration  = "D0",
      journal        = "Phys. Rev.",
      volume         = "D85",
      year           = "2012",
      pages          = "051101",
      doi            = "10.1103/PhysRevD.85.051101",
      eprint         = "1111.1271",
      archivePrefix  = "arXiv",
      primaryClass   = "hep-ex",
      reportNumber   = "FERMILAB-PUB-11-599-E, FERMILAB-PUB-05-599-E",
      SLACcitation   = "%%CITATION = ARXIV:1111.1271;%%"
}

@article{CMSZprimetodileptonrun1run2,
      author         = "Khachatryan, Vardan and others",
      title          = "{Search for narrow resonances in dilepton mass spectra in
                        proton-proton collisions at $\sqrt{s}$ = 13 TeV and
                        combination with 8 TeV data}",
      collaboration  = "CMS",
      journal        = "Phys. Lett.",
      volume         = "B768",
      year           = "2017",
      pages          = "57-80",
      doi            = "10.1016/j.physletb.2017.02.010",
      eprint         = "1609.05391",
      archivePrefix  = "arXiv",
      primaryClass   = "hep-ex",
      reportNumber   = "CMS-EXO-15-005, CERN-EP-2016-209,
                        FERMILAB-PUB-16-491-CMS",
      SLACcitation   = "%%CITATION = ARXIV:1609.05391;%%"
}

@article{CMSZprimetodileptonrun1,
      author         = "Chatrchyan, Serguei and others",
      title          = "{Search for heavy narrow dilepton resonances in $pp$
                        collisions at $\sqrt{s}=7$ TeV and $\sqrt{s}=8$ TeV}",
      collaboration  = "CMS",
      journal        = "Phys. Lett.",
      volume         = "B720",
      year           = "2013",
      pages          = "63-82",
      doi            = "10.1016/j.physletb.2013.02.003",
      eprint         = "1212.6175",
      archivePrefix  = "arXiv",
      primaryClass   = "hep-ex",
      reportNumber   = "CMS-EXO-12-015, CERN-PH-EP-2012-364",
      SLACcitation   = "%%CITATION = ARXIV:1212.6175;%%"
}

@article{CMSZprimetodileptonrun1sqrt7,
      author         = "Chatrchyan, Serguei and others",
      title          = "{Search for narrow resonances in dilepton mass spectra in
                        $pp$ collisions at $\sqrt{s}=7$ TeV}",
      collaboration  = "CMS",
      journal        = "Phys. Lett.",
      volume         = "B714",
      year           = "2012",
      pages          = "158-179",
      doi            = "10.1016/j.physletb.2012.06.051",
      eprint         = "1206.1849",
      archivePrefix  = "arXiv",
      primaryClass   = "hep-ex",
      reportNumber   = "CMS-EXO-11-019, CERN-PH-EP-2012-157",
      SLACcitation   = "%%CITATION = ARXIV:1206.1849;%%"
}
@article{CMSZprimetotautaurun1,
      author         = "Chatrchyan, Serguei and others",
      title          = "{Search for high-mass resonances decaying into $\tau$-lepton
                        pairs in pp collisions at $\sqrt{s}=7$ TeV}",
      collaboration  = "CMS",
      journal        = "Phys. Lett.",
      volume         = "B716",
      year           = "2012",
      pages          = "82-102",
      doi            = "10.1016/j.physletb.2012.07.062",
      eprint         = "1206.1725",
      archivePrefix  = "arXiv",
      primaryClass   = "hep-ex",
      reportNumber   = "CMS-EXO-11-031, CERN-PH-EP-2012-137",
      SLACcitation   = "%%CITATION = ARXIV:1206.1725;%%"
}

@techreport{CMSZprimetotautauemu,
      title         = "{Z$^{\prime}$ to tau tau - emu final state}",
      institution   = "CERN",
      collaboration = "CMS Collaboration",
      address       = "Geneva",
      number        = "CMS-PAS-EXO-12-046",
      year          = "2015",
      reportNumber  = "CMS-PAS-EXO-12-046",
      url           = "https://cds.cern.ch/record/1981303",
}

@article{CMSZprimetotautau2015,
      author         = "Khachatryan, Vardan and others",
      title          = "{Search for heavy resonances decaying to tau lepton pairs
                        in proton-proton collisions at $ \sqrt{s}=13 $ TeV}",
      collaboration  = "CMS",
      journal        = "JHEP",
      volume         = "02",
      year           = "2017",
      pages          = "048",
      doi            = "10.1007/JHEP02(2017)048",
      eprint         = "1611.06594",
      archivePrefix  = "arXiv",
      primaryClass   = "hep-ex",
      reportNumber   = "CMS-EXO-16-008, CERN-EP-2016-273",
      SLACcitation   = "%%CITATION = ARXIV:1611.06594;%%"
}


@article{CMSZprimeto4leptons,
      author         = "Khachatryan, V. and others",
      title          = "{Search for leptophobic Z$^{\prime}$ bosons decaying into
                        four-lepton final states in proton–proton collisions at
                        $\sqrt s=$8TeV}",
      collaboration  = "CMS",
      journal        = "Phys. Lett.",
      volume         = "B773",
      year           = "2017",
      pages          = "563-584",
      doi            = "10.1016/j.physletb.2017.08.069",
      eprint         = "1701.01345",
      archivePrefix  = "arXiv",
      primaryClass   = "hep-ex",
      reportNumber   = "CMS-EXO-14-006, CERN-EP-2016-295",
      SLACcitation   = "%%CITATION = ARXIV:1701.01345;%%"
}

@article{CMSZprimeHplusZ,
      author         = "Khachatryan, Vardan and others",
      title          = "{Search for a massive resonance decaying into a Higgs
                        boson and a W or Z boson in hadronic final states in
                        proton$-$proton collisions at $ \sqrt{s}=8 $ TeV}",
      collaboration  = "CMS",
      journal        = "JHEP",
      volume         = "02",
      year           = "2016",
      pages          = "145",
      doi            = "10.1007/JHEP02(2016)145",
      eprint         = "1506.01443",
      archivePrefix  = "arXiv",
      primaryClass   = "hep-ex",
      reportNumber   = "CMS-EXO-14-009, CERN-PH-EP-2015-096",
      SLACcitation   = "%%CITATION = ARXIV:1506.01443;%%"
}

@article{CMSZprimetotoptoprun1,
      author         = "Chatrchyan, Serguei and others",
      title          = "{Searches for new physics using the $t\bar{t}$ invariant
                        mass distribution in pp collisions at $\sqrt{s} = $ 8
                        TeV}",
      collaboration  = "CMS",
      journal        = "Phys. Rev. Lett.",
      volume         = "111",
      year           = "2013",
      number         = "21",
      pages          = "211804",
      doi            = "10.1103/PhysRevLett.111.211804,
                        10.1103/PhysRevLett.112.119903",
      note           = "[Erratum: Phys. Rev. Lett.112,no.11,119903(2014)]",
      eprint         = "1309.2030",
      archivePrefix  = "arXiv",
      primaryClass   = "hep-ex",
      reportNumber   = "CMS-B2G-13-001, CERN-PH-EP-2013-162",
      SLACcitation   = "%%CITATION = ARXIV:1309.2030;%%"
}
@article{CMSZprimetodibjetsrun1,
      author         = "Sirunyan, Albert M and others",
      title          = "{Search for narrow resonances in the b-tagged dijet mass
                        spectrum in proton-proton collisions at $\sqrt{s} =$ 8
                        TeV}",
      collaboration  = "CMS",
      year           = "2018",
      eprint         = "1802.06149",
      archivePrefix  = "arXiv",
      primaryClass   = "hep-ex",
      reportNumber   = "CMS-EXO-16-057, CERN-EP-2018-007",
      SLACcitation   = "%%CITATION = ARXIV:1802.06149;%%"
}
@article{CMSZprimedijetrun2,
      author         = "Khachatryan, Vardan and others",
      title          = "{Search for narrow resonances decaying to dijets in
                        proton-proton collisions at $\sqrt(s) =$ 13 TeV}",
      collaboration  = "CMS",
      journal        = "Phys. Rev. Lett.",
      volume         = "116",
      year           = "2016",
      number         = "7",
      pages          = "071801",
      doi            = "10.1103/PhysRevLett.116.071801",
      eprint         = "1512.01224",
      archivePrefix  = "arXiv",
      primaryClass   = "hep-ex",
      reportNumber   = "CMS-EXO-15-001, CERN-PH-EP-2015-317",
      SLACcitation   = "%%CITATION = ARXIV:1512.01224;%%"
}
@article{ATLASZprimetodileptonrun2,
      author         = "Aaboud, Morad and others",
      title          = "{Search for new high-mass phenomena in the dilepton final
                        state using $36\ \rm{fb}^{-1}$ of proton-proton collision data
                        at $\sqrt{s} =$ 13 TeV with the ATLAS detector}",
      collaboration  = "ATLAS",
      journal        = "JHEP",
      volume         = "10",
      year           = "2017",
      pages          = "182",
      doi            = "10.1007/JHEP10(2017)182",
      eprint         = "1707.02424",
      archivePrefix  = "arXiv",
      primaryClass   = "hep-ex",
      reportNumber   = "CERN-EP-2017-119",
      SLACcitation   = "%%CITATION = ARXIV:1707.02424;%%"
}


@article{ATLASZprimetodilepton2015,
      author         = "Aaboud, Morad and others",
      title          = "{Search for high-mass new phenomena in the dilepton final
                        state using proton-proton collisions at $\sqrt{s}=13$ TeV
                        with the ATLAS detector}",
      collaboration  = "ATLAS",
      journal        = "Phys. Lett.",
      volume         = "B761",
      year           = "2016",
      pages          = "372-392",
      doi            = "10.1016/j.physletb.2016.08.055",
      eprint         = "1607.03669",
      archivePrefix  = "arXiv",
      primaryClass   = "hep-ex",
      reportNumber   = "CERN-EP-2016-116",
      SLACcitation   = "%%CITATION = ARXIV:1607.03669;%%"
}

@article{ATLASZprimetodilepton2012,
      author         = "Aad, Georges and others",
      title          = "{Search for high-mass dilepton resonances in pp
                        collisions at $\sqrt{s} = $ 8
                        TeV with the ATLAS detector}",
      collaboration  = "ATLAS",
      journal        = "Phys. Rev.",
      volume         = "D90",
      year           = "2014",
      number         = "5",
      pages          = "052005",
      doi            = "10.1103/PhysRevD.90.052005",
      eprint         = "1405.4123",
      archivePrefix  = "arXiv",
      primaryClass   = "hep-ex",
      reportNumber   = "CERN-PH-EP-2014-053",
      SLACcitation   = "%%CITATION = ARXIV:1405.4123;%%"
}

@article{ATLASZprimetodileptonrun1,
      author         = "Aad, Georges and others",
      title          = "{Search for high-mass resonances decaying to dilepton
                        final states in pp collisions at $\sqrt{s}$= 7 TeV with the
                        ATLAS detector}",
      collaboration  = "ATLAS",
      journal        = "JHEP",
      volume         = "11",
      year           = "2012",
      pages          = "138",
      doi            = "10.1007/JHEP11(2012)138",
      eprint         = "1209.2535",
      archivePrefix  = "arXiv",
      primaryClass   = "hep-ex",
      reportNumber   = "CERN-PH-EP-2012-190",
      SLACcitation   = "%%CITATION = ARXIV:1209.2535;%%"
}

@article{ATLASZprimetotautau2016,
      author         = "Aaboud, Morad and others",
      title          = "{Search for additional heavy neutral Higgs and gauge
                        bosons in the ditau final state produced in $36\ \rm{fb}^{-1}$
                        of pp collisions at $\sqrt{s} = $ 13 TeV with the ATLAS
                        detector}",
      collaboration  = "ATLAS",
      journal        = "JHEP",
      volume         = "01",
      year           = "2018",
      pages          = "055",
      doi            = "10.1007/JHEP01(2018)055",
      eprint         = "1709.07242",
      archivePrefix  = "arXiv",
      primaryClass   = "hep-ex",
      reportNumber   = "CERN-EP-2017-199",
      SLACcitation   = "%%CITATION = ARXIV:1709.07242;%%"
}

@article{ATLASZprimetotautau2015,
      author         = "Aaboud, Morad and others",
      title          = "{Search for Minimal Supersymmetric Standard Model Higgs
                        bosons $H/A$ and for a $Z^{\prime}$ boson in the $\tau \tau$ 
                        final state produced in $pp$ collisions at
                        $\sqrt{s}=13$ TeV with the ATLAS Detector}",
      collaboration  = "ATLAS",
      journal        = "Eur. Phys. J.",
      volume         = "C76",
      year           = "2016",
      number         = "11",
      pages          = "585",
      doi            = "10.1140/epjc/s10052-016-4400-6",
      eprint         = "1608.00890",
      archivePrefix  = "arXiv",
      primaryClass   = "hep-ex",
      reportNumber   = "CERN-EP-2016-164",
      SLACcitation   = "%%CITATION = ARXIV:1608.00890;%%"
}

@article{ATLASZprimetotautaurun1,
      author         = "Aad, Georges and others",
      title          = "{A search for high-mass resonances decaying to
                        $\tau^{+}\tau^{-}$ in $pp$ collisions at $\sqrt{s}=8$ TeV
                        with the ATLAS detector}",
      collaboration  = "ATLAS",
      journal        = "JHEP",
      volume         = "07",
      year           = "2015",
      pages          = "157",
      doi            = "10.1007/JHEP07(2015)157",
      eprint         = "1502.07177",
      archivePrefix  = "arXiv",
      primaryClass   = "hep-ex",
      reportNumber   = "CERN-PH-EP-2015-018",
      SLACcitation   = "%%CITATION = ARXIV:1502.07177;%%"
}

@article{ATLASZprimetotautau2011,
      author         = "Aad, Georges and others",
      title          = "{A search for high-mass resonances decaying to
                        $\tau^+\tau^-$ in $pp$ collisions at $\sqrt{s}=7$ TeV with
                        the ATLAS detector}",
      collaboration  = "ATLAS",
      journal        = "Phys. Lett.",
      volume         = "B719",
      year           = "2013",
      pages          = "242-260",
      doi            = "10.1016/j.physletb.2013.01.040",
      eprint         = "1210.6604",
      archivePrefix  = "arXiv",
      primaryClass   = "hep-ex",
      reportNumber   = "CERN-PH-EP-2012-280",
      SLACcitation   = "%%CITATION = ARXIV:1210.6604;%%"
}

@article{ATLASZprimetojet2015,
      author         = "Aad, Georges and others",
      title          = "{Search for new phenomena in dijet mass and angular
                        distributions from $pp$ collisions at $\sqrt{s}=$ 13 TeV
                        with the ATLAS detector}",
      collaboration  = "ATLAS",
      journal        = "Phys. Lett.",
      volume         = "B754",
      year           = "2016",
      pages          = "302-322",
      doi            = "10.1016/j.physletb.2016.01.032",
      eprint         = "1512.01530",
      archivePrefix  = "arXiv",
      primaryClass   = "hep-ex",
      reportNumber   = "CERN-PH-EP-2015-311",
      SLACcitation   = "%%CITATION = ARXIV:1512.01530;%%"
}

@article{ATLASZprimetobjet2015,
      author         = "Aaboud, Morad and others",
      title          = "{Search for resonances in the mass distribution of jet
                        pairs with one or two jets identified as $b$-jets in
                        proton-proton collisions at $\sqrt{s}=13$ TeV with the
                        ATLAS detector}",
      collaboration  = "ATLAS",
      journal        = "Phys. Lett.",
      volume         = "B759",
      year           = "2016",
      pages          = "229-246",
      doi            = "10.1016/j.physletb.2016.05.064",
      eprint         = "1603.08791",
      archivePrefix  = "arXiv",
      primaryClass   = "hep-ex",
      reportNumber   = "CERN-EP-2016-066, CERN-EP-2016-66",
      SLACcitation   = "%%CITATION = ARXIV:1603.08791;%%"
}

