%%%%%%%%%%%%%%%%%%%%%%%%%%%%%%%%%%%%%%%%%%%%%%%%%%%%%%%%%%%%%%%%%%%%%%%%%%%%%%%%%%%%%%%%%%%%%%%%
%------------------------------------CHAPTER 2: CMS ------------------------------------------------%
%%%%%%%%%%%%%%%%%%%%%%%%%%%%%%%%%%%%%%%%%%%%%%%%%%%%%%%%%%%%%%%%%%%%%%%%%%%%%%%%%%%%%%%%%%%%%%%%

@book{chp2:LHCTDR,
      author        = "Brüning, Oliver Sim and Collier, Paul and Lebrun, P and
                       Myers, Stephen and Ostojic, Ranko and Poole, John and
                       Proudlock, Paul",
      title         = "{LHC Design Report}",
      publisher     = "CERN",
      address       = "Geneva",
      year          = "2004",
}

@book{chp2:CMSTDR,
      author        = "Bayatian, G L and others",
      title         = "{CMS Physics: Technical Design Report Volume 1: Detector
                       Performance and Software}",
      publisher     = "CERN",
      collaboration = "CMS Collaboration",
      address       = "Geneva",
      series        = "Technical Design Report CMS",
      year          = "2006"
}

@article{chp2:CMSTDR2,
      author        = "Bayatian, G L and others",
      title         = "{CMS Physics: Technical Design Report Volume 2: Physics
                       Performance}",
      journal       = "J. Phys. G",
      collaboration = "CMS Collaboration",
      number        = "CERN-LHCC-2006-021. CMS-TDR-8-2",
      volume        = "34",
      pages         = "995-1579. 669 p",
      year          = "2007",
      note          = "revised version submitted on 2006-09-22 17:44:47",
}

@book{chp2:ATLASTDR,
      author        = "Aad, Georges and others",
      title         = "{ATLAS detector and physics performance: Technical Design
                       Report}",
      publisher     = "CERN",
      collaboration = "ATLAS Collaboration",
      address       = "Geneva",
      series        = "Technical Design Report ATLAS",
      year          = "1999",
      note          = "Electronic version not available",
}

@article{chp2:LHCb,
      author         = "Alves, A. Augusto, Jr. and others",
      title          = "{The LHCb Detector at the LHC}",
      collaboration  = "LHCb Collaboration",
      journal        = "JINST",
      volume         = "3",
      pages          = "S08005",
      doi            = "10.1088/1748-0221/3/08/S08005",
      year           = "2008",
      SLACcitation   = "%%CITATION = JINST,3,S08005;%%",
}






@book{chp2:ALICETDR,
      author        = "Cortese, P and Fabjan, Christian Wolfgang and Riccati,
                       Lodovico and Safarík, Karel and de Groot, Hans",
      title         = "{ALICE physics performance: Technical Design Report}",
      publisher     = "CERN",
      collaboration = "ALICE Collaboration",
      address       = "Geneva",
      series        = "Technical Design Report ALICE",
      year          = "2005",
      note          = "revised version submitted on 2006-05-29 15:15:40",
}


@misc{chp2:LHCluminosity,
author = {CMS Collaboration},
title = {CMS Luminosity Public Results},
year = {2017},
howpublished = {\url{https://twiki.cern.ch/twiki/bin/view/CMSPublic/LumiPublicResults}},
note = {Access date 2017-12-04}
}

@article{chp2:LHCparameters,
      author        = "Bruce, R and Bracco, C and De Maria, R and Giovannozzi, M
                       and Mereghetti, A and Mirarchi, D and Redaelli, S and
                       Quaranta, E and Salvachua, B",
      title         = "{Reaching record-low $\beta^{*}$ at the CERN Large Hadron
                       Collider using a novel scheme of collimator settings and
                       optics}",
      journal       = "Nucl. Instrum. Methods Phys. Res., A",
      volume        = "848",
      pages         = "19-30. 12 p",
      year          = "2017",
      url           = "https://cds.cern.ch/record/2274861",
}

@Article{chp2:CMS,
     author    = "Chatrchyan, S. and others",
     collaboration = "CMS",
     title     = "The {CMS} experiment at the {CERN} {LHC}",
     journal   = "JINST",
     volume    = "3",
     year      = "2008",
     pages     = "S08004",
     doi       = "10.1088/1748-0221/3/08/S08004"
}

@Article{TrackerPerformace,
  author       = "The CMS Collaboration",
  title        = "{Description and performance of track and primary-vertex reconstruction with the CMS tracker}",
  journal      = "Journal of Instrumentation",
  volume       = "9",
  number       = "10",
  pages        = "P10009",
  url          = "http://stacks.iop.org/1748-0221/9/i=10/a=P10009",
  year         = "2014",
}

@Article{TauReconstructionCMSRun1,
      author         = "Khachatryan, Vardan and others",
      title          = "{Reconstruction and identification of $\tau$ lepton decays to hadrons and $\nu_{\tau}$ at CMS}",
      collaboration  = "CMS",
      journal        = "JINST",
      volume         = "11",
      year           = "2016",
      number         = "01",
      pages          = "P01019",
      doi            = "10.1088/1748-0221/11/01/P01019",
      eprint         = "1510.07488",
      archivePrefix  = "arXiv",
      primaryClass   = "physics.ins-det",
      reportNumber   = "CMS-TAU-14-001, CERN-PH-EP-2015-261",
      SLACcitation   = "%%CITATION = ARXIV:1510.07488;%%"
}

@MISC{Barney:2120661,
      author        = "Barney, David",
      title         = "{CMS Detector Slice}",
      month         = "Jan",
      year          = "2016",
      reportNumber  = "CMS-PHO-GEN-2016-001",
      url           = "https://cds.cern.ch/record/2120661",
      note          = "CMS Collection.",
}

@article{ECALperformance,
      author         = "De Guio, Federico",
      title          = "{Performance of the CMS Detector During the LHC Run 2}",
      booktitle      = "{Proceedings, 22nd Cracow Epiphany Conference on the
                        Physics in LHC Run 2: Cracow, Poland, January 7-9, 2016}",
      collaboration  = "CMS",
      journal        = "Acta Phys. Polon.",
      volume         = "B47",
      year           = "2016",
      pages          = "1451-1457",
      doi            = "10.5506/APhysPolB.47.1451",
      reportNumber   = "CMS-CR-2016-055",
      SLACcitation   = "%%CITATION = APPOA,B47,1451;%%"
}

@article{EMFigure,
      author         = "Mollerach, S. and Roulet, E.",
      title          = "{Progress in high-energy cosmic ray physics}",
      journal        = "Prog. Part. Nucl. Phys.",
      volume         = "98",
      year           = "2018",
      pages          = "85-118",
      doi            = "10.1016/j.ppnp.2017.10.002",
      eprint         = "1710.11155",
      archivePrefix  = "arXiv",
      primaryClass   = "astro-ph.HE",
      SLACcitation   = "%%CITATION = ARXIV:1710.11155;%%"
}

}