%%%%%%%%%%%%%%%%%%%%%%%%%%%%%%%%%%%%%%%%%%%%%%%%%%%%%%%%%%%%%%%%%%%%%%%%%%%%%%%%%%%%%%%%%%%%%%%%
%------------------------------------INTRODUCTION ------------------------------------------------%
%%%%%%%%%%%%%%%%%%%%%%%%%%%%%%%%%%%%%%%%%%%%%%%%%%%%%%%%%%%%%%%%%%%%%%%%%%%%%%%%%%%%%%%%%%%%%%%%






@inproceedings{BSM,
      author         = "Lykken, Joseph D.",
      title          = "{Beyond the Standard Model}",
      booktitle      = "{CERN Yellow Report CERN-2010-002, 101-109}",
      url            = "http://lss.fnal.gov/cgi-bin/find_paper.pl?conf-10-103",
      year           = "2010",
      eprint         = "1005.1676",
      archivePrefix  = "arXiv",
      primaryClass   = "hep-ph",
      reportNumber   = "FERMILAB-CONF-10-103-T",
      SLACcitation   = "%%CITATION = ARXIV:1005.1676;%%"
}

@article{Langacker:2008yv,
      author         = "Langacker, Paul",
      title          = "{The Physics of Heavy $Z^\prime$ Gauge Bosons}",
      journal        = "Rev. Mod. Phys.",
      volume         = "81",
      year           = "2009",
      pages          = "1199-1228",
      doi            = "10.1103/RevModPhys.81.1199",
      eprint         = "0801.1345",
      archivePrefix  = "arXiv",
      primaryClass   = "hep-ph",
      SLACcitation   = "%%CITATION = ARXIV:0801.1345;%%"
}

@article{TheorySUSY_DM,
      author         = "Araz, Jack Y. and Frank, Mariana and Fuks, Benjamin",
      title          = "{Differentiating $U(1)^\prime$ supersymmetric models with
                        right sneutrino and neutralino dark matter}",
      journal        = "Phys. Rev.",
      volume         = "D96",
      year           = "2017",
      number         = "1",
      pages          = "015017",
      doi            = "10.1103/PhysRevD.96.015017",
      eprint         = "1705.01063",
      archivePrefix  = "arXiv",
      primaryClass   = "hep-ph",
      reportNumber   = "CUMQ-HEP-194",
      SLACcitation   = "%%CITATION = ARXIV:1705.01063;%%"
}

@article{ZprimeThirdGeneration,
      author         = "Diener, Ross and Godfrey, Stephen and Martin, Travis A.
                        W.",
      title          = "{Unravelling an Extra Neutral Gauge Boson at the LHC
                        using Third Generation Fermions}",
      journal        = "Phys. Rev.",
      volume         = "D83",
      year           = "2011",
      pages          = "115008",
      doi            = "10.1103/PhysRevD.83.115008",
      eprint         = "1006.2845",
      archivePrefix  = "arXiv",
      primaryClass   = "hep-ph",
      SLACcitation   = "%%CITATION = ARXIV:1006.2845;%%"
}

@article{TAT,
      author         = "Hill, Christopher T.",
      title          = "{Topcolor assisted technicolor}",
      journal        = "Phys. Lett.",
      volume         = "B345",
      year           = "1995",
      pages          = "483-489",
      doi            = "10.1016/0370-2693(94)01660-5",
      eprint         = "hep-ph/9411426",
      archivePrefix  = "arXiv",
      primaryClass   = "hep-ph",
      reportNumber   = "FERMILAB-PUB-94-395-T",
      SLACcitation   = "%%CITATION = HEP-PH/9411426;%%"
}

@article{CDFZprimedielectronbib,
      author         = "Aaltonen, T. and others",
      title          = "{Search for High-Mass $e^+$ e- Resonances in $p \bar{p}$
                        Collisions at $\sqrt{s}$ = 1.96-TeV}",
      collaboration  = "CDF",
      journal        = "Phys. Rev. Lett.",
      volume         = "102",
      year           = "2009",
      pages          = "031801",
      doi            = "10.1103/PhysRevLett.102.031801",
      eprint         = "0810.2059",
      archivePrefix  = "arXiv",
      primaryClass   = "hep-ex",
      reportNumber   = "FERMILAB-PUB-08-434-E",
      SLACcitation   = "%%CITATION = ARXIV:0810.2059;%%"
}


@article{CDFZprimedimuonbib,
      author         = "Aaltonen, T. and others",
      title          = "{Search for High Mass Resonances Decaying to Muon Pairs
                        in $\sqrt{s}=1.96$ TeV $p\bar{p}$ Collisions}",
      collaboration  = "CDF",
      journal        = "Phys. Rev. Lett.",
      volume         = "106",
      year           = "2011",
      pages          = "121801",
      doi            = "10.1103/PhysRevLett.106.121801",
      eprint         = "1101.4578",
      archivePrefix  = "arXiv",
      primaryClass   = "hep-ex",
      reportNumber   = "FERMILAB-PUB-11-016-E",
      SLACcitation   = "%%CITATION = ARXIV:1101.4578;%%"
}

@article{CDFZprimeditaubib,
      author         = "Acosta, D. and others",
      title          = "{Search for new physics using high mass tau pairs from
                        1.96 TeV $p\bar{p}$ collisions}",
      collaboration  = "CDF",
      journal        = "Phys. Rev. Lett.",
      volume         = "95",
      year           = "2005",
      pages          = "131801",
      doi            = "10.1103/PhysRevLett.95.131801",
      eprint         = "hep-ex/0506034",
      archivePrefix  = "arXiv",
      primaryClass   = "hep-ex",
      reportNumber   = "FERMILAB-PUB-05-251-E",
      SLACcitation   = "%%CITATION = HEP-EX/0506034;%%"
}

@article{CDFZprimeditopbib,
      author         = "Aaltonen, T. and others",
      title          = "{A Search for resonant production of $t\bar{t}$ pairs in
                        $4.8\ \rm{fb}^{-1}$ of integrated luminosity of $p\bar{p}$
                        collisions at $\sqrt{s}=1.96\ \rm{TeV}$}",
      collaboration  = "CDF",
      journal        = "Phys. Rev.",
      volume         = "D84",
      year           = "2011",
      pages          = "072004",
      doi            = "10.1103/PhysRevD.84.072004",
      eprint         = "1107.5063",
      archivePrefix  = "arXiv",
      primaryClass   = "hep-ex",
      reportNumber   = "FERMILAB-PUB-11-350-E, CDF-PUB-TOP-CDFR-10468",
      SLACcitation   = "%%CITATION = ARXIV:1107.5063;%%"
}


@article{D0Zprimesearchesbib,
      author         = "Abachi, S. and others",
      title          = "Search for additional neutral gauge bosons",
      collaboration  = "D0",
      journal        = "Phys. Lett.",
      volume         = "B385",
      year           = "1996",
      pages          = "471-478",
      doi            = "10.1016/0370-2693(96)00932-X",
      reportNumber   = "FERMILAB-PUB-96-187-E, FSU-SCRI-97-62",
      SLACcitation   = "%%CITATION = PHLTA,B385,471;%%"
}

@article{D0Zprimetodielectronbib,
      author         = "Abazov, Victor Mukhamedovich and others",
      title          = "{Search for a heavy neutral gauge boson in the dielectron
                        channel with $5.4\ \rm{fb}^{-1}$ of $p\bar{p}$ collisions at sqrt(s)
                        = 1.96 TeV}",
      collaboration  = "D0",
      journal        = "Phys. Lett.",
      volume         = "B695",
      year           = "2011",
      pages          = "88-94",
      doi            = "10.1016/j.physletb.2010.10.059",
      eprint         = "1008.2023",
      archivePrefix  = "arXiv",
      primaryClass   = "hep-ex",
      reportNumber   = "FERMILAB-PUB-10-300-E",
      SLACcitation   = "%%CITATION = ARXIV:1008.2023;%%"
}

@article{D0Zprimeditopbib,
      author         = "Abazov, Victor Mukhamedovich and others",
      title          = "{Search for a Narrow $t\bar{t}$ Resonance in $p\bar{p}$
                        Collisions at $\sqrt{s}=1.96$ TeV}",
      collaboration  = "D0",
      journal        = "Phys. Rev.",
      volume         = "D85",
      year           = "2012",
      pages          = "051101",
      doi            = "10.1103/PhysRevD.85.051101",
      eprint         = "1111.1271",
      archivePrefix  = "arXiv",
      primaryClass   = "hep-ex",
      reportNumber   = "FERMILAB-PUB-11-599-E, FERMILAB-PUB-05-599-E",
      SLACcitation   = "%%CITATION = ARXIV:1111.1271;%%"
}

@article{CMSZprimetodileptonrun1run2,
      author         = "Khachatryan, Vardan and others",
      title          = "{Search for narrow resonances in dilepton mass spectra in
                        proton-proton collisions at $\sqrt{s}$ = 13 TeV and
                        combination with 8 TeV data}",
      collaboration  = "CMS",
      journal        = "Phys. Lett.",
      volume         = "B768",
      year           = "2017",
      pages          = "57-80",
      doi            = "10.1016/j.physletb.2017.02.010",
      eprint         = "1609.05391",
      archivePrefix  = "arXiv",
      primaryClass   = "hep-ex",
      reportNumber   = "CMS-EXO-15-005, CERN-EP-2016-209,
                        FERMILAB-PUB-16-491-CMS",
      SLACcitation   = "%%CITATION = ARXIV:1609.05391;%%"
}

@article{CMSZprimetodileptonrun1,
      author         = "Chatrchyan, Serguei and others",
      title          = "{Search for heavy narrow dilepton resonances in $pp$
                        collisions at $\sqrt{s}=7$ TeV and $\sqrt{s}=8$ TeV}",
      collaboration  = "CMS",
      journal        = "Phys. Lett.",
      volume         = "B720",
      year           = "2013",
      pages          = "63-82",
      doi            = "10.1016/j.physletb.2013.02.003",
      eprint         = "1212.6175",
      archivePrefix  = "arXiv",
      primaryClass   = "hep-ex",
      reportNumber   = "CMS-EXO-12-015, CERN-PH-EP-2012-364",
      SLACcitation   = "%%CITATION = ARXIV:1212.6175;%%"
}

@article{CMSZprimetodileptonrun1sqrt7,
      author         = "Chatrchyan, Serguei and others",
      title          = "{Search for narrow resonances in dilepton mass spectra in
                        $pp$ collisions at $\sqrt{s}=7$ TeV}",
      collaboration  = "CMS",
      journal        = "Phys. Lett.",
      volume         = "B714",
      year           = "2012",
      pages          = "158-179",
      doi            = "10.1016/j.physletb.2012.06.051",
      eprint         = "1206.1849",
      archivePrefix  = "arXiv",
      primaryClass   = "hep-ex",
      reportNumber   = "CMS-EXO-11-019, CERN-PH-EP-2012-157",
      SLACcitation   = "%%CITATION = ARXIV:1206.1849;%%"
}
@article{CMSZprimetotautaurun1,
      author         = "Chatrchyan, Serguei and others",
      title          = "{Search for high-mass resonances decaying into $\tau$-lepton
                        pairs in pp collisions at $\sqrt{s}=7$ TeV}",
      collaboration  = "CMS",
      journal        = "Phys. Lett.",
      volume         = "B716",
      year           = "2012",
      pages          = "82-102",
      doi            = "10.1016/j.physletb.2012.07.062",
      eprint         = "1206.1725",
      archivePrefix  = "arXiv",
      primaryClass   = "hep-ex",
      reportNumber   = "CMS-EXO-11-031, CERN-PH-EP-2012-137",
      SLACcitation   = "%%CITATION = ARXIV:1206.1725;%%"
}

@techreport{CMSZprimetotautauemu,
      title         = "{Z$^{\prime}$ to tau tau - emu final state}",
      institution   = "CERN",
      collaboration = "CMS Collaboration",
      address       = "Geneva",
      number        = "CMS-PAS-EXO-12-046",
      year          = "2015",
      reportNumber  = "CMS-PAS-EXO-12-046",
      url           = "https://cds.cern.ch/record/1981303",
}

@article{CMSZprimetotautau2015,
      author         = "Khachatryan, Vardan and others",
      title          = "{Search for heavy resonances decaying to tau lepton pairs
                        in proton-proton collisions at $ \sqrt{s}=13 $ TeV}",
      collaboration  = "CMS",
      journal        = "JHEP",
      volume         = "02",
      year           = "2017",
      pages          = "048",
      doi            = "10.1007/JHEP02(2017)048",
      eprint         = "1611.06594",
      archivePrefix  = "arXiv",
      primaryClass   = "hep-ex",
      reportNumber   = "CMS-EXO-16-008, CERN-EP-2016-273",
      SLACcitation   = "%%CITATION = ARXIV:1611.06594;%%"
}


@article{CMSZprimeto4leptons,
      author         = "Khachatryan, V. and others",
      title          = "{Search for leptophobic Z$^{\prime}$ bosons decaying into
                        four-lepton final states in proton–proton collisions at
                        $\sqrt s=$8TeV}",
      collaboration  = "CMS",
      journal        = "Phys. Lett.",
      volume         = "B773",
      year           = "2017",
      pages          = "563-584",
      doi            = "10.1016/j.physletb.2017.08.069",
      eprint         = "1701.01345",
      archivePrefix  = "arXiv",
      primaryClass   = "hep-ex",
      reportNumber   = "CMS-EXO-14-006, CERN-EP-2016-295",
      SLACcitation   = "%%CITATION = ARXIV:1701.01345;%%"
}

@article{CMSZprimeHplusZ,
      author         = "Khachatryan, Vardan and others",
      title          = "{Search for a massive resonance decaying into a Higgs
                        boson and a W or Z boson in hadronic final states in
                        proton$-$proton collisions at $ \sqrt{s}=8 $ TeV}",
      collaboration  = "CMS",
      journal        = "JHEP",
      volume         = "02",
      year           = "2016",
      pages          = "145",
      doi            = "10.1007/JHEP02(2016)145",
      eprint         = "1506.01443",
      archivePrefix  = "arXiv",
      primaryClass   = "hep-ex",
      reportNumber   = "CMS-EXO-14-009, CERN-PH-EP-2015-096",
      SLACcitation   = "%%CITATION = ARXIV:1506.01443;%%"
}

@article{CMSZprimetotoptoprun1,
      author         = "Chatrchyan, Serguei and others",
      title          = "{Searches for new physics using the $t\bar{t}$ invariant
                        mass distribution in pp collisions at $\sqrt{s} = $ 8
                        TeV}",
      collaboration  = "CMS",
      journal        = "Phys. Rev. Lett.",
      volume         = "111",
      year           = "2013",
      number         = "21",
      pages          = "211804",
      doi            = "10.1103/PhysRevLett.111.211804,
                        10.1103/PhysRevLett.112.119903",
      note           = "[Erratum: Phys. Rev. Lett.112,no.11,119903(2014)]",
      eprint         = "1309.2030",
      archivePrefix  = "arXiv",
      primaryClass   = "hep-ex",
      reportNumber   = "CMS-B2G-13-001, CERN-PH-EP-2013-162",
      SLACcitation   = "%%CITATION = ARXIV:1309.2030;%%"
}
@article{CMSZprimetodibjetsrun1,
      author         = "Sirunyan, Albert M and others",
      title          = "{Search for narrow resonances in the b-tagged dijet mass
                        spectrum in proton-proton collisions at $\sqrt{s} =$ 8
                        TeV}",
      collaboration  = "CMS",
      year           = "2018",
      eprint         = "1802.06149",
      archivePrefix  = "arXiv",
      primaryClass   = "hep-ex",
      reportNumber   = "CMS-EXO-16-057, CERN-EP-2018-007",
      SLACcitation   = "%%CITATION = ARXIV:1802.06149;%%"
}
@article{CMSZprimedijetrun2,
      author         = "Khachatryan, Vardan and others",
      title          = "{Search for narrow resonances decaying to dijets in
                        proton-proton collisions at $\sqrt(s) =$ 13 TeV}",
      collaboration  = "CMS",
      journal        = "Phys. Rev. Lett.",
      volume         = "116",
      year           = "2016",
      number         = "7",
      pages          = "071801",
      doi            = "10.1103/PhysRevLett.116.071801",
      eprint         = "1512.01224",
      archivePrefix  = "arXiv",
      primaryClass   = "hep-ex",
      reportNumber   = "CMS-EXO-15-001, CERN-PH-EP-2015-317",
      SLACcitation   = "%%CITATION = ARXIV:1512.01224;%%"
}
@article{ATLASZprimetodileptonrun2,
      author         = "Aaboud, Morad and others",
      title          = "{Search for new high-mass phenomena in the dilepton final
                        state using $36\ \rm{fb}^{-1}$ of proton-proton collision data
                        at $\sqrt{s} =$ 13 TeV with the ATLAS detector}",
      collaboration  = "ATLAS",
      journal        = "JHEP",
      volume         = "10",
      year           = "2017",
      pages          = "182",
      doi            = "10.1007/JHEP10(2017)182",
      eprint         = "1707.02424",
      archivePrefix  = "arXiv",
      primaryClass   = "hep-ex",
      reportNumber   = "CERN-EP-2017-119",
      SLACcitation   = "%%CITATION = ARXIV:1707.02424;%%"
}


@article{ATLASZprimetodilepton2015,
      author         = "Aaboud, Morad and others",
      title          = "{Search for high-mass new phenomena in the dilepton final
                        state using proton-proton collisions at $\sqrt{s}=13$ TeV
                        with the ATLAS detector}",
      collaboration  = "ATLAS",
      journal        = "Phys. Lett.",
      volume         = "B761",
      year           = "2016",
      pages          = "372-392",
      doi            = "10.1016/j.physletb.2016.08.055",
      eprint         = "1607.03669",
      archivePrefix  = "arXiv",
      primaryClass   = "hep-ex",
      reportNumber   = "CERN-EP-2016-116",
      SLACcitation   = "%%CITATION = ARXIV:1607.03669;%%"
}

@article{ATLASZprimetodilepton2012,
      author         = "Aad, Georges and others",
      title          = "{Search for high-mass dilepton resonances in pp
                        collisions at $\sqrt{s} = $ 8
                        TeV with the ATLAS detector}",
      collaboration  = "ATLAS",
      journal        = "Phys. Rev.",
      volume         = "D90",
      year           = "2014",
      number         = "5",
      pages          = "052005",
      doi            = "10.1103/PhysRevD.90.052005",
      eprint         = "1405.4123",
      archivePrefix  = "arXiv",
      primaryClass   = "hep-ex",
      reportNumber   = "CERN-PH-EP-2014-053",
      SLACcitation   = "%%CITATION = ARXIV:1405.4123;%%"
}

@article{ATLASZprimetodileptonrun1,
      author         = "Aad, Georges and others",
      title          = "{Search for high-mass resonances decaying to dilepton
                        final states in pp collisions at $\sqrt{s}$= 7 TeV with the
                        ATLAS detector}",
      collaboration  = "ATLAS",
      journal        = "JHEP",
      volume         = "11",
      year           = "2012",
      pages          = "138",
      doi            = "10.1007/JHEP11(2012)138",
      eprint         = "1209.2535",
      archivePrefix  = "arXiv",
      primaryClass   = "hep-ex",
      reportNumber   = "CERN-PH-EP-2012-190",
      SLACcitation   = "%%CITATION = ARXIV:1209.2535;%%"
}

@article{ATLASZprimetotautau2016,
      author         = "Aaboud, Morad and others",
      title          = "{Search for additional heavy neutral Higgs and gauge
                        bosons in the ditau final state produced in $36\ \rm{fb}^{-1}$
                        of pp collisions at $\sqrt{s} = $ 13 TeV with the ATLAS
                        detector}",
      collaboration  = "ATLAS",
      journal        = "JHEP",
      volume         = "01",
      year           = "2018",
      pages          = "055",
      doi            = "10.1007/JHEP01(2018)055",
      eprint         = "1709.07242",
      archivePrefix  = "arXiv",
      primaryClass   = "hep-ex",
      reportNumber   = "CERN-EP-2017-199",
      SLACcitation   = "%%CITATION = ARXIV:1709.07242;%%"
}

@article{ATLASZprimetotautau2015,
      author         = "Aaboud, Morad and others",
      title          = "{Search for Minimal Supersymmetric Standard Model Higgs
                        bosons $H/A$ and for a $Z^{\prime}$ boson in the $\tau \tau$ 
                        final state produced in $pp$ collisions at
                        $\sqrt{s}=13$ TeV with the ATLAS Detector}",
      collaboration  = "ATLAS",
      journal        = "Eur. Phys. J.",
      volume         = "C76",
      year           = "2016",
      number         = "11",
      pages          = "585",
      doi            = "10.1140/epjc/s10052-016-4400-6",
      eprint         = "1608.00890",
      archivePrefix  = "arXiv",
      primaryClass   = "hep-ex",
      reportNumber   = "CERN-EP-2016-164",
      SLACcitation   = "%%CITATION = ARXIV:1608.00890;%%"
}

@article{ATLASZprimetotautaurun1,
      author         = "Aad, Georges and others",
      title          = "{A search for high-mass resonances decaying to
                        $\tau^{+}\tau^{-}$ in $pp$ collisions at $\sqrt{s}=8$ TeV
                        with the ATLAS detector}",
      collaboration  = "ATLAS",
      journal        = "JHEP",
      volume         = "07",
      year           = "2015",
      pages          = "157",
      doi            = "10.1007/JHEP07(2015)157",
      eprint         = "1502.07177",
      archivePrefix  = "arXiv",
      primaryClass   = "hep-ex",
      reportNumber   = "CERN-PH-EP-2015-018",
      SLACcitation   = "%%CITATION = ARXIV:1502.07177;%%"
}

@article{ATLASZprimetotautau2011,
      author         = "Aad, Georges and others",
      title          = "{A search for high-mass resonances decaying to
                        $\tau^+\tau^-$ in $pp$ collisions at $\sqrt{s}=7$ TeV with
                        the ATLAS detector}",
      collaboration  = "ATLAS",
      journal        = "Phys. Lett.",
      volume         = "B719",
      year           = "2013",
      pages          = "242-260",
      doi            = "10.1016/j.physletb.2013.01.040",
      eprint         = "1210.6604",
      archivePrefix  = "arXiv",
      primaryClass   = "hep-ex",
      reportNumber   = "CERN-PH-EP-2012-280",
      SLACcitation   = "%%CITATION = ARXIV:1210.6604;%%"
}

@article{ATLASZprimetojet2015,
      author         = "Aad, Georges and others",
      title          = "{Search for new phenomena in dijet mass and angular
                        distributions from $pp$ collisions at $\sqrt{s}=$ 13 TeV
                        with the ATLAS detector}",
      collaboration  = "ATLAS",
      journal        = "Phys. Lett.",
      volume         = "B754",
      year           = "2016",
      pages          = "302-322",
      doi            = "10.1016/j.physletb.2016.01.032",
      eprint         = "1512.01530",
      archivePrefix  = "arXiv",
      primaryClass   = "hep-ex",
      reportNumber   = "CERN-PH-EP-2015-311",
      SLACcitation   = "%%CITATION = ARXIV:1512.01530;%%"
}

@article{ATLASZprimetobjet2015,
      author         = "Aaboud, Morad and others",
      title          = "{Search for resonances in the mass distribution of jet
                        pairs with one or two jets identified as $b$-jets in
                        proton-proton collisions at $\sqrt{s}=13$ TeV with the
                        ATLAS detector}",
      collaboration  = "ATLAS",
      journal        = "Phys. Lett.",
      volume         = "B759",
      year           = "2016",
      pages          = "229-246",
      doi            = "10.1016/j.physletb.2016.05.064",
      eprint         = "1603.08791",
      archivePrefix  = "arXiv",
      primaryClass   = "hep-ex",
      reportNumber   = "CERN-EP-2016-066, CERN-EP-2016-66",
      SLACcitation   = "%%CITATION = ARXIV:1603.08791;%%"
}

@article{bib:PDG,
      author         = "Olive, K. A. and others",
      title          = "{Review of Particle Physics}",
      collaboration  = "Particle Data Group",
      journal        = "Chin. Phys.",
      volume         = "C38",
      year           = "2014",
      pages          = "090001",
      doi            = "10.1088/1674-1137/38/9/090001",
      SLACcitation   = "%%CITATION = CHPHD,C38,090001;%%"
}

%%%%%%%%%%%%%%%%%%%%%%%%%%%%%%%%%%%%%%%%%%%%%%%%%%%%%%%%%%%%%%%%%%%%%%%%%%%%%%%%%%%%%%%%%%%%%%%%
%------------------------------------CHAPTER 1: TEORIA ------------------------------------------------%
%%%%%%%%%%%%%%%%%%%%%%%%%%%%%%%%%%%%%%%%%%%%%%%%%%%%%%%%%%%%%%%%%%%%%%%%%%%%%%%%%%%%%%%%%%%%%%%%

@inproceedings{ZprimeMixing,
      author         = "Rizzo, Thomas G.",
      title          = "{$Z^{\prime}$ phenomenology and the LHC}",
      booktitle      = "{Proceedings of Theoretical Advanced Study Institute in
                        Elementary Particle Physics : Exploring New Frontiers
                        Using Colliders and Neutrinos (TASI 2006): Boulder,
                        Colorado, June 4-30, 2006}",
      url            = "http://www-public.slac.stanford.edu/sciDoc/docMeta.aspx?slacPubNumber=slac-pub-12129",
      year           = "2006",
      pages          = "537-575",
      eprint         = "hep-ph/0610104",
      archivePrefix  = "arXiv",
      primaryClass   = "hep-ph",
      reportNumber   = "SLAC-PUB-12129",
      SLACcitation   = "%%CITATION = HEP-PH/0610104;%%"
}

@article{bib:SSM,
      author         = "Altarelli, Guido and Mele, B. and Ruiz-Altaba, M.",
      title          = "{Searching for New Heavy Vector Bosons in $p \bar{p}$
                        Colliders}",
      journal        = "Z. Phys.",
      volume         = "C45",
      year           = "1989",
      pages          = "109",
      doi            = "10.1007/BF01552335, 10.1007/BF01556677",
      note           = "[Erratum: Z. Phys.C47,676(1990)]",
      reportNumber   = "CERN-TH-5323-89",
      SLACcitation   = "%%CITATION = ZEPYA,C45,109;%%"
}


@article{leftrightmodels,
      author         = "Senjanovic, G. and Mohapatra, Rabindra N.",
      title          = "{Exact Left-Right Symmetry and Spontaneous Violation of
                        Parity}",
      journal        = "Phys. Rev.",
      volume         = "D12",
      year           = "1975",
      pages          = "1502",
      doi            = "10.1103/PhysRevD.12.1502",
      reportNumber   = "CCNY-HEP-75-5",
      SLACcitation   = "%%CITATION = PHRVA,D12,1502;%%"
}

@article{E6models,
      author         = "Hewett, JoAnne L. and Rizzo, Thomas G.",
      title          = "{Low-Energy Phenomenology of Superstring Inspired E(6)
                        Models}",
      journal        = "Phys. Rept.",
      volume         = "183",
      year           = "1989",
      pages          = "193",
      doi            = "10.1016/0370-1573(89)90071-9",
      reportNumber   = "MAD-PH-446, IS-J-3005",
      SLACcitation   = "%%CITATION = PRPLC,183,193;%%"
}

@article{Technicolor,
      author         = "Hill, Christopher T. and Simmons, Elizabeth H.",
      title          = "{Strong dynamics and electroweak symmetry breaking}",
      journal        = "Phys. Rept.",
      volume         = "381",
      year           = "2003",
      pages          = "235-402",
      doi            = "10.1016/S0370-1573(03)00140-6",
      note           = "[Erratum: Phys. Rept.390,553(2004)]",
      eprint         = "hep-ph/0203079",
      archivePrefix  = "arXiv",
      primaryClass   = "hep-ph",
      reportNumber   = "FERMILAB-PUB-02-045-T, BUHEP-01-09, FERMI-PUB-02-045-T",
      SLACcitation   = "%%CITATION = HEP-PH/0203079;%%"
}


@article{LittleHiggs1,
      author         = "Han, Tao and Logan, Heather E. and McElrath, Bob and
                        Wang, Lian-Tao",
      title          = "{Phenomenology of the little Higgs model}",
      journal        = "Phys. Rev.",
      volume         = "D67",
      year           = "2003",
      pages          = "095004",
      doi            = "10.1103/PhysRevD.67.095004",
      eprint         = "hep-ph/0301040",
      archivePrefix  = "arXiv",
      primaryClass   = "hep-ph",
      reportNumber   = "MADPH-02-1317",
      SLACcitation   = "%%CITATION = HEP-PH/0301040;%%"
}

@article{LittleHiggs2,
      author         = "Arkani-Hamed, N. and Cohen, A. G. and Katz, E. and
                        Nelson, A. E.",
      title          = "{The Littlest Higgs}",
      journal        = "JHEP",
      volume         = "07",
      year           = "2002",
      pages          = "034",
      doi            = "10.1088/1126-6708/2002/07/034",
      eprint         = "hep-ph/0206021",
      archivePrefix  = "arXiv",
      primaryClass   = "hep-ph",
      reportNumber   = "UW-PT-01-07, HUTP-02-A017, BUHEP-02-23",
      SLACcitation   = "%%CITATION = HEP-PH/0206021;%%"
}

@article{LEP1,
      author         = "Abbiendi, G. and others",
      title          = "{Tests of the standard model and constraints on new
                        physics from measurements of fermion pair production at
                        189-GeV to 209-GeV at LEP}",
      collaboration  = "OPAL",
      journal        = "Eur. Phys. J.",
      volume         = "C33",
      year           = "2004",
      pages          = "173-212",
      doi            = "10.1140/epjc/s2004-01595-9",
      eprint         = "hep-ex/0309053",
      archivePrefix  = "arXiv",
      primaryClass   = "hep-ex",
      reportNumber   = "CERN-EP-2003-053",
      SLACcitation   = "%%CITATION = HEP-EX/0309053;%%"
}

@article{LEP2,
      title          = "{A Combination of preliminary electroweak measurements
                        and constraints on the standard model}",
      collaboration  = "DELPHI, OPAL, ALEPH, LEP Electroweak Working Group, L3",
      year           = "2005",
      eprint         = "hep-ex/0511027",
      archivePrefix  = "arXiv",
      primaryClass   = "hep-ex",
      reportNumber   = "CERN-PH-EP-2005-051, LEPEWWG-2005-01,
                        ALEPH-2005-004-PHYSICS-2005-004, DELPHI-2005-027-PHYS-947,
                        L3-NOTE-2832, OPAL-PR-413",
      SLACcitation   = "%%CITATION = HEP-EX/0511027;%%"
}

%%%%%%%%%%%%%%%%%%%%%%%%%%%%%%%%%%%%%%%%%%%%%%%%%%%%%%%%%%%%%%%%%%%%%%%%%%%%%%%%%%%%%%%%%%%%%%%%
%------------------------------------CHAPTER 2: CMS ------------------------------------------------%
%%%%%%%%%%%%%%%%%%%%%%%%%%%%%%%%%%%%%%%%%%%%%%%%%%%%%%%%%%%%%%%%%%%%%%%%%%%%%%%%%%%%%%%%%%%%%%%%

@book{chp2:LHCTDR,
      author        = "Brüning, Oliver Sim and Collier, Paul and Lebrun, P and
                       Myers, Stephen and Ostojic, Ranko and Poole, John and
                       Proudlock, Paul",
      title         = "{LHC Design Report}",
      publisher     = "CERN",
      address       = "Geneva",
      year          = "2004",
}

@book{chp2:CMSTDR,
      author        = "Bayatian, G L and others",
      title         = "{CMS Physics: Technical Design Report Volume 1: Detector
                       Performance and Software}",
      publisher     = "CERN",
      collaboration = "CMS Collaboration",
      address       = "Geneva",
      series        = "Technical Design Report CMS",
      year          = "2006"
}

@article{chp2:CMSTDR2,
      author        = "Bayatian, G L and others",
      title         = "{CMS Physics: Technical Design Report Volume 2: Physics
                       Performance}",
      journal       = "J. Phys. G",
      collaboration = "CMS Collaboration",
      number        = "CERN-LHCC-2006-021. CMS-TDR-8-2",
      volume        = "34",
      pages         = "995-1579. 669 p",
      year          = "2007",
      note          = "revised version submitted on 2006-09-22 17:44:47",
}

@book{chp2:ATLASTDR,
      author        = "Aad, Georges and others",
      title         = "{ATLAS detector and physics performance: Technical Design
                       Report}",
      publisher     = "CERN",
      collaboration = "ATLAS Collaboration",
      address       = "Geneva",
      series        = "Technical Design Report ATLAS",
      year          = "1999",
      note          = "Electronic version not available",
}

@article{chp2:LHCb,
      author         = "Alves, A. Augusto, Jr. and others",
      title          = "{The LHCb Detector at the LHC}",
      collaboration  = "LHCb Collaboration",
      journal        = "JINST",
      volume         = "3",
      pages          = "S08005",
      doi            = "10.1088/1748-0221/3/08/S08005",
      year           = "2008",
      SLACcitation   = "%%CITATION = JINST,3,S08005;%%",
}






@book{chp2:ALICETDR,
      author        = "Cortese, P and Fabjan, Christian Wolfgang and Riccati,
                       Lodovico and Safarík, Karel and de Groot, Hans",
      title         = "{ALICE physics performance: Technical Design Report}",
      publisher     = "CERN",
      collaboration = "ALICE Collaboration",
      address       = "Geneva",
      series        = "Technical Design Report ALICE",
      year          = "2005",
      note          = "revised version submitted on 2006-05-29 15:15:40",
}


@misc{chp2:LHCluminosity,
author = {CMS Collaboration},
title = {CMS Luminosity Public Results},
year = {2017},
howpublished = {\url{https://twiki.cern.ch/twiki/bin/view/CMSPublic/LumiPublicResults}},
note = {Access date 2017-12-04}
}

@article{chp2:LHCparameters,
      author        = "Bruce, R and Bracco, C and De Maria, R and Giovannozzi, M
                       and Mereghetti, A and Mirarchi, D and Redaelli, S and
                       Quaranta, E and Salvachua, B",
      title         = "{Reaching record-low $\beta^{*}$ at the CERN Large Hadron
                       Collider using a novel scheme of collimator settings and
                       optics}",
      journal       = "Nucl. Instrum. Methods Phys. Res., A",
      volume        = "848",
      pages         = "19-30. 12 p",
      year          = "2017",
      url           = "https://cds.cern.ch/record/2274861",
}

@Article{chp2:CMS,
     author    = "Chatrchyan, S. and others",
     collaboration = "CMS",
     title     = "The {CMS} experiment at the {CERN} {LHC}",
     journal   = "JINST",
     volume    = "3",
     year      = "2008",
     pages     = "S08004",
     doi       = "10.1088/1748-0221/3/08/S08004"
}

@Article{TrackerPerformace,
  author       = "The CMS Collaboration",
  title        = "{Description and performance of track and primary-vertex reconstruction with the CMS tracker}",
  journal      = "Journal of Instrumentation",
  volume       = "9",
  number       = "10",
  pages        = "P10009",
  url          = "http://stacks.iop.org/1748-0221/9/i=10/a=P10009",
  year         = "2014",
}

@Article{TauReconstructionCMSRun1,
      author         = "Khachatryan, Vardan and others",
      title          = "{Reconstruction and identification of $\tau$ lepton decays to hadrons and $\nu_{\tau}$ at CMS}",
      collaboration  = "CMS",
      journal        = "JINST",
      volume         = "11",
      year           = "2016",
      number         = "01",
      pages          = "P01019",
      doi            = "10.1088/1748-0221/11/01/P01019",
      eprint         = "1510.07488",
      archivePrefix  = "arXiv",
      primaryClass   = "physics.ins-det",
      reportNumber   = "CMS-TAU-14-001, CERN-PH-EP-2015-261",
      SLACcitation   = "%%CITATION = ARXIV:1510.07488;%%"
}

@MISC{Barney:2120661,
      author        = "Barney, David",
      title         = "{CMS Detector Slice}",
      month         = "Jan",
      year          = "2016",
      reportNumber  = "CMS-PHO-GEN-2016-001",
      url           = "https://cds.cern.ch/record/2120661",
      note          = "CMS Collection.",
}

@article{ECALperformance,
      author         = "De Guio, Federico",
      title          = "{Performance of the CMS Detector During the LHC Run 2}",
      booktitle      = "{Proceedings, 22nd Cracow Epiphany Conference on the
                        Physics in LHC Run 2: Cracow, Poland, January 7-9, 2016}",
      collaboration  = "CMS",
      journal        = "Acta Phys. Polon.",
      volume         = "B47",
      year           = "2016",
      pages          = "1451-1457",
      doi            = "10.5506/APhysPolB.47.1451",
      reportNumber   = "CMS-CR-2016-055",
      SLACcitation   = "%%CITATION = APPOA,B47,1451;%%"
}

@article{EMFigure,
      author         = "Mollerach, S. and Roulet, E.",
      title          = "{Progress in high-energy cosmic ray physics}",
      journal        = "Prog. Part. Nucl. Phys.",
      volume         = "98",
      year           = "2018",
      pages          = "85-118",
      doi            = "10.1016/j.ppnp.2017.10.002",
      eprint         = "1710.11155",
      archivePrefix  = "arXiv",
      primaryClass   = "astro-ph.HE",
      SLACcitation   = "%%CITATION = ARXIV:1710.11155;%%"
}

%%%%%%%%%%%%%%%%%%%%%%%%%%%%%%%%%%%%%%%%%%%%%%%%%%%%%%%%%%%%%%%%%%%%%%%%%%%%%%%%%%%%%%%%%%%%%%%%
%------------------------------------CHAPTER 3: EVENT RECONSTRUCTION ------------------------------------------------%
%%%%%%%%%%%%%%%%%%%%%%%%%%%%%%%%%%%%%%%%%%%%%%%%%%%%%%%%%%%%%%%%%%%%%%%%%%%%%%%%%%%%%%%%%%%%%%%%

@techreport{PFAlgorithm,
      title         = "{Particle-Flow Event Reconstruction in CMS and Performance
                       for Jets, Taus, and MET}",
      institution   = "CERN",
      collaboration = "CMS Collaboration",
      address       = "2009. Geneva",
      number        = "CMS-PAS-PFT-09-001",
      month         = "Apr",
      year          = "2009",
      reportNumber  = "CMS-PAS-PFT-09-001",
      url           = "https://cds.cern.ch/record/1194487",
}

@article{KalmanAlgorithm,
      author         = "Fruhwirth, R.",
      title          = "{Application of Kalman filtering to track and vertex
                        fitting}",
      journal        = "Nucl. Instrum. Meth.",
      volume         = "A262",
      year           = "1987",
      pages          = "444-450",
      doi            = "10.1016/0168-9002(87)90887-4",
      reportNumber   = "HEPHY-PUB-87-503",
      SLACcitation   = "%%CITATION = NUIMA,A262,444;%%"
}

@article{TrackAndVertexReconstruction,
      author         = "Chatrchyan, Serguei and others",
      title          = "{Description and performance of track and primary-vertex
                        reconstruction with the CMS tracker}",
      collaboration  = "CMS",
      journal        = "JINST",
      volume         = "9",
      year           = "2014",
      number         = "10",
      pages          = "P10009",
      doi            = "10.1088/1748-0221/9/10/P10009",
      eprint         = "1405.6569",
      archivePrefix  = "arXiv",
      primaryClass   = "physics.ins-det",
      reportNumber   = "CMS-TRK-11-001, CERN-PH-EP-2014-070",
      SLACcitation   = "%%CITATION = ARXIV:1405.6569;%%"
}

@article{DAnnealing,
      author         = "K. Rose",
      title          = "{Deterministic Annealing for Clustering, Compression, Classification,
			Regression, and Related Optimization Problems}",
      journal        = "Proceedings of the IEEE",
      volume         = "86",
      year           = "1998",
      number         = "11",
      pages          = "2210 - 2239",
      doi            = "10.1109/5.726788",
}

@techreport{AdaptiveVertexFitting,
      author        = "Frühwirth, R and Waltenberger, Wolfgang and Vanlaer,
                       Pascal",
      title         = "{Adaptive Vertex Fitting}",
      institution   = "CERN",
      address       = "Geneva",
      number        = "CMS-NOTE-2007-008",
      month         = "Mar",
      year          = "2007",
      reportNumber  = "CMS-NOTE-2007-008",
      url           = "https://cds.cern.ch/record/1027031",
}

%%%%%%%%%%%%%%%%%%%%%%%%%MUON

@article{MuonID7TeV,
  author            = "The CMS collaboration",
  title             = "{Performance of CMS muon reconstruction in pp collision events at √s = 7 TeV}",
  journal           = "Journal of Instrumentation",
  volume            = "7",
  number            = "10",
  pages             = "P10002",
  url               = "http://stacks.iop.org/1748-0221/7/i=10/a=P10002",
  year              = "2012",
}

@techreport{PFMuonAndElectron,
      title         = "{Particle-flow commissioning with muons and electrons
                       from J/Psi and W events at 7 TeV}",
      institution   = "CERN",
      collaboration = "CMS Collaboration",
      address       = "Geneva",
      number        = "CMS-PAS-PFT-10-003",
      year          = "2010",
      reportNumber  = "CMS-PAS-PFT-10-003",
      url           = "http://cds.cern.ch/record/1279347",
}

%%%%article{MuonPerformance,
%      title         = "{Muon Identification and Isolation efficiency on full 2016
%                       dataset}",
%      collaboration = "CMS Collaboration",
%      month         = "Mar",
%      year          = "2017",
%      reportNumber  = "CMS-DP-2017-007",
%      url           = "https://cds.cern.ch/record/2257968",
%}
%%%%%%%%%%%%%%%%%%%%%%%%%ELECTRON
@article{ElectronID8TeV,
      author         = "Khachatryan, Vardan and others",
      title          = "{Performance of Electron Reconstruction and Selection
                        with the CMS Detector in Proton-Proton Collisions at
                        $\sqrt{s} =$  8  TeV}",
      collaboration  = "CMS",
      journal        = "JINST",
      volume         = "10",
      year           = "2015",
      number         = "06",
      pages          = "P06005",
      doi            = "10.1088/1748-0221/10/06/P06005",
      eprint         = "1502.02701",
      archivePrefix  = "arXiv",
      primaryClass   = "physics.ins-det",
      reportNumber   = "CMS-EGM-13-001, CERN-PH-EP-2015-004",
      SLACcitation   = "%%CITATION = ARXIV:1502.02701;%%"
}
@article{ElectronGSF,
      author         = "Adam, Wolfgang and Frühwirth, R. and Strandlie, Are and
                        Todor, T.",
      title          = "{Reconstruction of Electrons with the Gaussian-Sum Filter
                        in the CMS Tracker at the LHC}",
      year           = "2005",
      reportNumber   = "CMS-NOTE-2005-001, CERN-CMS-NOTE-2005-001",
      SLACcitation   = "%%CITATION = CMS-NOTE-2005-001;%%"
}
%%%%%%%%%%%%%%%%%%%%%%%%%JET
@article{ICRJet,
      author         = "Salam, Gavin P. and Soyez, Gregory",
      title          = "{A Practical Seedless Infrared-Safe Cone jet algorithm}",
      journal        = "JHEP",
      volume         = "0705",
      pages          = "086",
      doi            = "10.1088/1126-6708/2007/05/086",
      year           = "2007",
      eprint         = "0704.0292",
      archivePrefix  = "arXiv",
      primaryClass   = "hep-ph",
      SLACcitation   = "%%CITATION = ARXIV:0704.0292;%%",
}

@article{ktalgorithm,
      author         = "Ellis, Stephen D. and Soper, Davison E.",
      title          = "{Successive combination jet algorithm for hadron
                        collisions}",
      journal        = "Phys.Rev.",
      volume         = "D48",
      pages          = "3160-3166",
      doi            = "10.1103/PhysRevD.48.3160",
      year           = "1993",
      eprint         = "hep-ph/9305266",
      archivePrefix  = "arXiv",
      primaryClass   = "hep-ph",
      reportNumber   = "CERN-TH-6860-93",
      SLACcitation   = "%%CITATION = HEP-PH/9305266;%%",
}

@article{Cambrigdealgorithm,
      author         = "Atkin, Ryan",
      title          = "{Review of jet reconstruction algorithms}",
      booktitle      = "{Proceedings, Workshop on High Energy Particle Physics
                        (HEPPW2015): Johannesburg, South Africa, February 11-13,
                        2015}",
      journal        = "J. Phys. Conf. Ser.",
      volume         = "645",
      year           = "2015",
      number         = "1",
      pages          = "012008",
      doi            = "10.1088/1742-6596/645/1/012008",
      SLACcitation   = "%%CITATION = 00462,645,012008;%%"
}

@article{AntiKTAlgorithm,
      author         = "Cacciari, Matteo and Salam, Gavin P. and Soyez, Gregory",
      title          = "{The Anti-k(t) jet clustering algorithm}",
      journal        = "JHEP",
      volume         = "04",
      year           = "2008",
      pages          = "063",
      doi            = "10.1088/1126-6708/2008/04/063",
      eprint         = "0802.1189",
      archivePrefix  = "arXiv",
      primaryClass   = "hep-ph",
      reportNumber   = "LPTHE-07-03",
      SLACcitation   = "%%CITATION = ARXIV:0802.1189;%%"
}

@article{JECpileup,
  author             = "The CMS collaboration",
  title              = "{Determination of jet energy calibration and transverse momentum resolution in CMS}",
  journal            = "Journal of Instrumentation",
  volume             = "6",
  number             = "11",
  pages              = "P11002",
  url                = {http://stacks.iop.org/1748-0221/6/i=11/a=P11002},
  year               = "2011",
}


@article{JESandJER,
      author         = "Khachatryan, Vardan and others",
      title          = "{Jet energy scale and resolution in the CMS experiment in
                        pp collisions at 8 TeV}",
      collaboration  = "CMS",
      journal        = "JINST",
      volume         = "12",
      year           = "2017",
      number         = "02",
      pages          = "P02014",
      doi            = "10.1088/1748-0221/12/02/P02014",
      eprint         = "1607.03663",
      archivePrefix  = "arXiv",
      primaryClass   = "hep-ex",
      reportNumber   = "CMS-JME-13-004, CERN-PH-EP-2015-305",
      SLACcitation   = "%%CITATION = ARXIV:1607.03663;%%"
}

@techreport{JecJet,
      title         = "{Plans for Jet Energy Corrections at CMS}",
      institution   = "CERN",
      collaboration = "CMS Collaboration",
      address       = "Geneva",
      number        = "CMS-PAS-JME-07-002",
      month         = "Jul",
      year          = "2008",
      reportNumber  = "CMS-PAS-JME-07-002",
      url           = "https://cds.cern.ch/record/1194485",
}

@article{bjetID,
      author         = "Chatrchyan, Serguei and others",
      title          = "{Identification of b-quark jets with the CMS experiment}",
      collaboration  = "CMS",
      journal        = "JINST",
      volume         = "8",
      year           = "2013",
      pages          = "P04013",
      doi            = "10.1088/1748-0221/8/04/P04013",
      eprint         = "1211.4462",
      archivePrefix  = "arXiv",
      primaryClass   = "hep-ex",
      reportNumber   = "CMS-BTV-12-001, CERN-PH-EP-2012-262",
      SLACcitation   = "%%CITATION = ARXIV:1211.4462;%%"
}

@article{bjetperformance,
      author         = "CMS Collaboration",
      title          = "{Performance of b tagging at $\sqrt(s)$ =8 TeV in multijet,
                        ttbar and boosted topology events}",
      collaboration  = "CMS",
      year           = "2013",
      reportNumber   = "CMS-PAS-BTV-13-001",
      SLACcitation   = "%%CITATION = CMS-PAS-BTV-13-001;%%"
}

@article{bjetWP,
      author         = "CMS Collaboration",
      title          = "{Identification of b quark jets at the CMS Experiment in
                        the LHC Run 2}",
      collaboration  = "CMS",
      year           = "2016",
      reportNumber   = "CMS-PAS-BTV-15-001",
      SLACcitation   = "%%CITATION = CMS-PAS-BTV-15-001;%%"
}

@article{PerformancebJetjetmet,
      author	     = "Mia Tosi",
      title	     = "Performance of Tracking, b-tagging and Jet/MET reconstruction at the CMS High Level Trigger",
      journal	     = "Journal of Physics: Conference Series",
      volume	     = "664",
      number	     = "8",
      pages	     = "082055",
      url	     = "http://stacks.iop.org/1742-6596/664/i=8/a=082055",
      year	     = "2015"
}

@article{METPerformance,
      author         = "Chatrchyan, Serguei and others",
      title          = "{Missing transverse energy performance of the CMS
                        detector}",
      collaboration  = "CMS",
      journal        = "JINST",
      volume         = "6",
      year           = "2011",
      pages          = "P09001",
      doi            = "10.1088/1748-0221/6/09/P09001",
      eprint         = "1106.5048",
      archivePrefix  = "arXiv",
      primaryClass   = "physics.ins-det",
      reportNumber   = "CERN-PH-EP-2011-051, CMS-JME-10-009",
      SLACcitation   = "%%CITATION = ARXIV:1106.5048;%%"
}

@techreport{METPerformance2,
      title         = "{Performance of missing energy reconstruction in 13 TeV pp
                       collision data using the CMS detector}",
      institution   = "CERN",
      collaboration = "CMS Collaboration",
      address       = "Geneva",
      number        = "CMS-PAS-JME-16-004",
      year          = "2016",
      reportNumber  = "CMS-PAS-JME-16-004",
      url           = "http://cds.cern.ch/record/2205284",
}

%%%%%%%%%%%%%%%%%%%%%%%%%TAU
@techreport{CMS-PAS-TAU-16-002,
      title         = "{Performance of reconstruction and identification of tau
                       leptons in their decays to hadrons and tau neutrino in LHC
                       Run-2}",
      institution   = "CERN",
      collaboration = "CMS Collaboration",
      address       = "Geneva",
      number        = "CMS-PAS-TAU-16-002",
      year          = "2016",
      reportNumber  = "CMS-PAS-TAU-16-002",
      url           = "https://cds.cern.ch/record/2196972",
}

@techreport{CMS-PAS-PFT-10-001,
      title         = "{Commissioning of the Particle-flow Event Reconstruction
                       with the first LHC collisions recorded in the CMS
                       detector}",
      collaboration = "CMS Collaboration",
      address       = "2010",
      number        = "CMS-PAS-PFT-10-001",
      reportNumber  = "CMS-PAS-PFT-10-001",
      url           = "https://cds.cern.ch/record/1247373",
}

%%%%%%%%%%%%%%%%%%%%%%%%%%%%%%%%%%%%%%%%%%%%%%%%%%%%%%%%%%%%%%%%%%%%%%%%%%%%%%%%%%%%%%%%%%%%%%%%
%------------------------------------CHAPTER 5: ANALYSIS ------------------------------------------------%
%%%%%%%%%%%%%%%%%%%%%%%%%%%%%%%%%%%%%%%%%%%%%%%%%%%%%%%%%%%%%%%%%%%%%%%%%%%%%%%%%%%%%%%%%%%%%%%%

@article{TauTrigger,
title = "Tau lepton trigger and identification at CMS in Run-2",
journal = "Nuclear and Particle Physics Proceedings",
volume = "287-288",
pages = "107 - 110",
year = "2017",
note = "The 14th International Workshop on Tau Lepton Physics",
issn = "2405-6014",
doi = "https://doi.org/10.1016/j.nuclphysbps.2017.03.055",
url = "http://www.sciencedirect.com/science/article/pii/S2405601417301153",
author = "O. Davignon",
keywords = "trigger, tau, lepton, identification, CMS, LHC, Run-2"
}

@article{bib:pythia,
      author         = "Sjöstrand, Torbjörn and Ask, Stefan and Christiansen,
                        Jesper R. and Corke, Richard and Desai, Nishita and Ilten,
                        Philip and Mrenna, Stephen and Prestel, Stefan and
                        Rasmussen, Christine O. and Skands, Peter Z.",
      title          = "{An Introduction to PYTHIA 8.2}",
      journal        = "Comput. Phys. Commun.",
      volume         = "191",
      year           = "2015",
      pages          = "159-177",
      doi            = "10.1016/j.cpc.2015.01.024",
      eprint         = "1410.3012",
      archivePrefix  = "arXiv",
      primaryClass   = "hep-ph",
      reportNumber   = "LU-TP-14-36, MCNET-14-22, CERN-PH-TH-2014-190,
                        FERMILAB-PUB-14-316-CD, DESY-14-178, SLAC-PUB-16122",
      SLACcitation   = "%%CITATION = ARXIV:1410.3012;%%"
}

@article{bib:madgraph,
      author         = "Alwall, Johan and Herquet, Michel and Maltoni, Fabio and
                        Mattelaer, Olivier and Stelzer, Tim",
      title          = "{MadGraph 5 : Going Beyond}",
      journal        = "JHEP",
      volume         = "06",
      year           = "2011",
      pages          = "128",
      doi            = "10.1007/JHEP06(2011)128",
      eprint         = "1106.0522",
      archivePrefix  = "arXiv",
      primaryClass   = "hep-ph",
      reportNumber   = "FERMILAB-PUB-11-448-T",
      SLACcitation   = "%%CITATION = ARXIV:1106.0522;%%"
}

@article{bib:comphep,
  author           = "E.E. Boos and V.E. Bunichev and M.N. Dubinin and V.A. Ilyin and V.I. Savrin and  CompHEP Collaboration",
  title={CompHEP: developments and applications},
  journal={Journal of Physics: Conference Series},
  volume={920},
  number={1},
  pages={012007},
  url={http://stacks.iop.org/1742-6596/920/i=1/a=012007},
  year={2017},
}

@article{bib:Powheg1,
      author         = "Oleari, Carlo",
      title          = "{The POWHEG-BOX}",
      booktitle      = "{Proceedings,  10th DESY Workshop on Elementary Particle
                        Theory: Loops and Legs in Quantum Field Theory: Woerlitz,
                        Germany, April 25-30, 2010}",
      journal        = "Nucl. Phys. Proc. Suppl.",
      volume         = "205-206",
      year           = "2010",
      pages          = "36-41",
      doi            = "10.1016/j.nuclphysbps.2010.08.016",
      eprint         = "1007.3893",
      archivePrefix  = "arXiv",
      primaryClass   = "hep-ph",
      SLACcitation   = "%%CITATION = ARXIV:1007.3893;%%"
}

@article{bib:Powheg2,
      author         = "Frixione, Stefano and Nason, Paolo and Oleari, Carlo",
      title          = "{Matching NLO QCD computations with Parton Shower
                        simulations: the POWHEG method}",
      journal        = "JHEP",
      volume         = "11",
      year           = "2007",
      pages          = "070",
      doi            = "10.1088/1126-6708/2007/11/070",
      eprint         = "0709.2092",
      archivePrefix  = "arXiv",
      primaryClass   = "hep-ph",
      reportNumber   = "BICOCCA-FT-07-9, GEF-TH-21-2007",
      SLACcitation   = "%%CITATION = ARXIV:0709.2092;%%"
}

@article{bib:sherpa,
      author         = "Gleisberg, T. and Hoeche, Stefan. and Krauss, F. and
                        Schonherr, M. and Schumann, S. and Siegert, F. and Winter,
                        J.",
      title          = "{Event generation with SHERPA 1.1}",
      journal        = "JHEP",
      volume         = "02",
      year           = "2009",
      pages          = "007",
      doi            = "10.1088/1126-6708/2009/02/007",
      eprint         = "0811.4622",
      archivePrefix  = "arXiv",
      primaryClass   = "hep-ph",
      reportNumber   = "FERMILAB-PUB-08-477-T, SLAC-PUB-13420, ZU-TH-17-08,
                        DCPT-08-138, IPPP-08-69, EDINBURGH-2008-30, MCNET-08-14",
      SLACcitation   = "%%CITATION = ARXIV:0811.4622;%%"
}

@article{bib:geant4,
      author         = "Agostinelli, S. and others",
      title          = "{GEANT4: A Simulation toolkit}",
      collaboration  = "GEANT4",
      journal        = "Nucl. Instrum. Meth.",
      volume         = "A506",
      year           = "2003",
      pages          = "250-303",
      doi            = "10.1016/S0168-9002(03)01368-8",
      reportNumber   = "SLAC-PUB-9350, FERMILAB-PUB-03-339",
      SLACcitation   = "%%CITATION = NUIMA,A506,250;%%"
}

@article{bib:FullSim,
      author         = "Hildreth, M. and Ivanchenko, V. N. and Lange, D. J. and
                        Kortelainen, M. J.",
      title          = "{CMS Full Simulation for Run-2}",
      booktitle      = "{Proceedings, 21st International Conference on Computing
                        in High Energy and Nuclear Physics (CHEP 2015): Okinawa,
                        Japan, April 13-17, 2015}",
      journal        = "J. Phys. Conf. Ser.",
      volume         = "664",
      year           = "2015",
      number         = "7",
      pages          = "072022",
      doi            = "10.1088/1742-6596/664/7/072022",
      SLACcitation   = "%%CITATION = 00462,664,072022;%%"
}

@article{bib:tauola,
      author         = "Was, Z.",
      title          = "{TAUOLA the library for tau lepton decay, and KKMC /
                        KORALB / KORALZ /... status report}",
      booktitle      = "{Tau lepton physics. Proceedings, 6th International
                        Workshop, TAU 2000, Victoria, Canada, September 18-21,
                        2000}",
      journal        = "Nucl. Phys. Proc. Suppl.",
      volume         = "98",
      year           = "2001",
      pages          = "96-102",
      doi            = "10.1016/S0920-5632(01)01200-2",
      note           = "[,96(2000)]",
      eprint         = "hep-ph/0011305",
      archivePrefix  = "arXiv",
      primaryClass   = "hep-ph",
      SLACcitation   = "%%CITATION = HEP-PH/0011305;%%"
}

@techreport{Luminosity,
      title         = "{CMS Luminosity Measurements for the 2016 Data Taking Period}",
      institution   = "CERN",
      collaboration = "CMS Collaboration",
      address       = "Geneva",
      number        = "CMS-PAS-LUM-17-001",
      year          = "2017",
      reportNumber  = "CMS-PAS-LUM-17-001",
      url           = "http://cds.cern.ch/record/2257069",
}

@misc{TauPOG,
author = {CMS Collaboration},
title = {TauPOG},
year = {2018},
howpublished = {\url{https://twiki.cern.ch/twiki/bin/viewauth/CMS/TauIDRecommendation13TeV}},
note = {Access date 2018-03-14}
}

@misc{JetMETPOG,
author = {CMS Collaboration},
title = {JetMET POG},
year = {2018},
howpublished = {\url{https://twiki.cern.ch/twiki/bin/view/CMS/JECUncertaintySources#Main_uncertainties_2016_80X}},
note = {Access date 2018-03-14}
}

@article{PDFUncertainty,
      author         = "Butterworth, Jon and others",
      title          = "{PDF4LHC recommendations for LHC Run II}",
      journal        = "J. Phys.",
      volume         = "G43",
      year           = "2016",
      pages          = "023001",
      doi            = "10.1088/0954-3899/43/2/023001",
      eprint         = "1510.03865",
      archivePrefix  = "arXiv",
      primaryClass   = "hep-ph",
      reportNumber   = "OUTP-15-17P, SMU-HEP-15-12, TIF-UNIMI-2015-14,
                        LCTS-2015-27, CERN-PH-TH-2015-249",
      SLACcitation   = "%%CITATION = ARXIV:1510.03865;%%"
}

@phdthesis{ZaixingThesis,
  author       = "Mao, Zaixing, and Heintz, Ulrich",
  title        = "Search for New Physics with Tau Lepton Final States",
  school       = "Brown University. Department of Physics",
  year         = 2017,
  url           = "https://repository.library.brown.edu/studio/item/bdr:733436/",
}

%%%%%%%%%%%%%%%%%%%%%%%%%%%%%%%%%%%%%%%%%%%%%%%%%%%%%%%%%%%%%%%%%%%%%%%%%%%%%%%%%%%%%%%%%%%%%%%%
%------------------------------------CHAPTER 6: RESULTS AND CONCLUSION ------------------------%
%%%%%%%%%%%%%%%%%%%%%%%%%%%%%%%%%%%%%%%%%%%%%%%%%%%%%%%%%%%%%%%%%%%%%%%%%%%%%%%%%%%%%%%%%%%%%%%%

@article{CLs1Cowan,
      author         = "Cowan, Glen and Cranmer, Kyle and Gross, Eilam and
                        Vitells, Ofer",
      title          = "{Asymptotic formulae for likelihood-based tests of new
                        physics}",
      journal        = "Eur. Phys. J.",
      volume         = "C71",
      year           = "2011",
      pages          = "1554",
      doi            = "10.1140/epjc/s10052-011-1554-0,
                        10.1140/epjc/s10052-013-2501-z",
      note           = "[Erratum: Eur. Phys. J.C73,2501(2013)]",
      eprint         = "1007.1727",
      archivePrefix  = "arXiv",
      primaryClass   = "physics.data-an",
      SLACcitation   = "%%CITATION = ARXIV:1007.1727;%%"
}

@inproceedings{CLs2,
      author         = "Read, Alexander L.",
      title          = "{Modified frequentist analysis of search results (The
                        CL(s) method)}",
      booktitle      = "{Workshop on confidence limits, CERN, Geneva,
                        Switzerland, 17-18 Jan 2000: Proceedings}",
      url            = "http://weblib.cern.ch/abstract?CERN-OPEN-2000-205",
      year           = "2000",
      pages          = "81-101",
      reportNumber   = "CERN-OPEN-2000-205",
      SLACcitation   = "%%CITATION = CERN-OPEN-2000-205;%%"
}

@misc{CombinedTool,
author = {CMS Collaboration},
title = {HiggsAnalysisCombinedLimit},
year = {2018},
howpublished = {\url{https://twiki.cern.ch/twiki/bin/viewauth/CMS/SWGuideHiggsAnalysisCombinedLimit}},
note = {Access date 2018-03-14}
}