%%%%%%%%%%%%%%%%%%%%%%%%%%%%%%%%%%%%%%%%%%%%%%%%%%%%%%%%%%%%%%%%%%%%%%%%%%%%%%%%%%%%%%%%%%%%%%%%
%------------------------------------CHAPTER 3: EVENT RECONSTRUCTION ------------------------------------------------%
%%%%%%%%%%%%%%%%%%%%%%%%%%%%%%%%%%%%%%%%%%%%%%%%%%%%%%%%%%%%%%%%%%%%%%%%%%%%%%%%%%%%%%%%%%%%%%%%

@techreport{PFAlgorithm,
      title         = "{Particle-Flow Event Reconstruction in CMS and Performance
                       for Jets, Taus, and MET}",
      institution   = "CERN",
      collaboration = "CMS Collaboration",
      address       = "2009. Geneva",
      number        = "CMS-PAS-PFT-09-001",
      month         = "Apr",
      year          = "2009",
      reportNumber  = "CMS-PAS-PFT-09-001",
      url           = "https://cds.cern.ch/record/1194487",
}

@article{KalmanAlgorithm,
      author         = "Fruhwirth, R.",
      title          = "{Application of Kalman filtering to track and vertex
                        fitting}",
      journal        = "Nucl. Instrum. Meth.",
      volume         = "A262",
      year           = "1987",
      pages          = "444-450",
      doi            = "10.1016/0168-9002(87)90887-4",
      reportNumber   = "HEPHY-PUB-87-503",
      SLACcitation   = "%%CITATION = NUIMA,A262,444;%%"
}

@article{TrackAndVertexReconstruction,
      author         = "Chatrchyan, Serguei and others",
      title          = "{Description and performance of track and primary-vertex
                        reconstruction with the CMS tracker}",
      collaboration  = "CMS",
      journal        = "JINST",
      volume         = "9",
      year           = "2014",
      number         = "10",
      pages          = "P10009",
      doi            = "10.1088/1748-0221/9/10/P10009",
      eprint         = "1405.6569",
      archivePrefix  = "arXiv",
      primaryClass   = "physics.ins-det",
      reportNumber   = "CMS-TRK-11-001, CERN-PH-EP-2014-070",
      SLACcitation   = "%%CITATION = ARXIV:1405.6569;%%"
}

@article{DAnnealing,
      author         = "K. Rose",
      title          = "{Deterministic Annealing for Clustering, Compression, Classification,
			Regression, and Related Optimization Problems}",
      journal        = "Proceedings of the IEEE",
      volume         = "86",
      year           = "1998",
      number         = "11",
      pages          = "2210 - 2239",
      doi            = "10.1109/5.726788",
}

@techreport{AdaptiveVertexFitting,
      author        = "Frühwirth, R and Waltenberger, Wolfgang and Vanlaer,
                       Pascal",
      title         = "{Adaptive Vertex Fitting}",
      institution   = "CERN",
      address       = "Geneva",
      number        = "CMS-NOTE-2007-008",
      month         = "Mar",
      year          = "2007",
      reportNumber  = "CMS-NOTE-2007-008",
      url           = "https://cds.cern.ch/record/1027031",
}

%%%%%%%%%%%%%%%%%%%%%%%%%MUON

@article{MuonID7TeV,
  author            = "The CMS collaboration",
  title             = "{Performance of CMS muon reconstruction in pp collision events at √s = 7 TeV}",
  journal           = "Journal of Instrumentation",
  volume            = "7",
  number            = "10",
  pages             = "P10002",
  url               = "http://stacks.iop.org/1748-0221/7/i=10/a=P10002",
  year              = "2012",
}

@techreport{PFMuonAndElectron,
      title         = "{Particle-flow commissioning with muons and electrons
                       from J/Psi and W events at 7 TeV}",
      institution   = "CERN",
      collaboration = "CMS Collaboration",
      address       = "Geneva",
      number        = "CMS-PAS-PFT-10-003",
      year          = "2010",
      reportNumber  = "CMS-PAS-PFT-10-003",
      url           = "http://cds.cern.ch/record/1279347",
}

%%%%article{MuonPerformance,
%      title         = "{Muon Identification and Isolation efficiency on full 2016
%                       dataset}",
%      collaboration = "CMS Collaboration",
%      month         = "Mar",
%      year          = "2017",
%      reportNumber  = "CMS-DP-2017-007",
%      url           = "https://cds.cern.ch/record/2257968",
%}
%%%%%%%%%%%%%%%%%%%%%%%%%ELECTRON
@article{ElectronID8TeV,
      author         = "Khachatryan, Vardan and others",
      title          = "{Performance of Electron Reconstruction and Selection
                        with the CMS Detector in Proton-Proton Collisions at
                        $\sqrt{s} =$  8  TeV}",
      collaboration  = "CMS",
      journal        = "JINST",
      volume         = "10",
      year           = "2015",
      number         = "06",
      pages          = "P06005",
      doi            = "10.1088/1748-0221/10/06/P06005",
      eprint         = "1502.02701",
      archivePrefix  = "arXiv",
      primaryClass   = "physics.ins-det",
      reportNumber   = "CMS-EGM-13-001, CERN-PH-EP-2015-004",
      SLACcitation   = "%%CITATION = ARXIV:1502.02701;%%"
}
@article{ElectronGSF,
      author         = "Adam, Wolfgang and Frühwirth, R. and Strandlie, Are and
                        Todor, T.",
      title          = "{Reconstruction of Electrons with the Gaussian-Sum Filter
                        in the CMS Tracker at the LHC}",
      year           = "2005",
      reportNumber   = "CMS-NOTE-2005-001, CERN-CMS-NOTE-2005-001",
      SLACcitation   = "%%CITATION = CMS-NOTE-2005-001;%%"
}
%%%%%%%%%%%%%%%%%%%%%%%%%JET
@article{ICRJet,
      author         = "Salam, Gavin P. and Soyez, Gregory",
      title          = "{A Practical Seedless Infrared-Safe Cone jet algorithm}",
      journal        = "JHEP",
      volume         = "0705",
      pages          = "086",
      doi            = "10.1088/1126-6708/2007/05/086",
      year           = "2007",
      eprint         = "0704.0292",
      archivePrefix  = "arXiv",
      primaryClass   = "hep-ph",
      SLACcitation   = "%%CITATION = ARXIV:0704.0292;%%",
}

@article{ktalgorithm,
      author         = "Ellis, Stephen D. and Soper, Davison E.",
      title          = "{Successive combination jet algorithm for hadron
                        collisions}",
      journal        = "Phys.Rev.",
      volume         = "D48",
      pages          = "3160-3166",
      doi            = "10.1103/PhysRevD.48.3160",
      year           = "1993",
      eprint         = "hep-ph/9305266",
      archivePrefix  = "arXiv",
      primaryClass   = "hep-ph",
      reportNumber   = "CERN-TH-6860-93",
      SLACcitation   = "%%CITATION = HEP-PH/9305266;%%",
}

@article{Cambrigdealgorithm,
      author         = "Atkin, Ryan",
      title          = "{Review of jet reconstruction algorithms}",
      booktitle      = "{Proceedings, Workshop on High Energy Particle Physics
                        (HEPPW2015): Johannesburg, South Africa, February 11-13,
                        2015}",
      journal        = "J. Phys. Conf. Ser.",
      volume         = "645",
      year           = "2015",
      number         = "1",
      pages          = "012008",
      doi            = "10.1088/1742-6596/645/1/012008",
      SLACcitation   = "%%CITATION = 00462,645,012008;%%"
}

@article{AntiKTAlgorithm,
      author         = "Cacciari, Matteo and Salam, Gavin P. and Soyez, Gregory",
      title          = "{The Anti-k(t) jet clustering algorithm}",
      journal        = "JHEP",
      volume         = "04",
      year           = "2008",
      pages          = "063",
      doi            = "10.1088/1126-6708/2008/04/063",
      eprint         = "0802.1189",
      archivePrefix  = "arXiv",
      primaryClass   = "hep-ph",
      reportNumber   = "LPTHE-07-03",
      SLACcitation   = "%%CITATION = ARXIV:0802.1189;%%"
}

@article{JECpileup,
  author             = "The CMS collaboration",
  title              = "{Determination of jet energy calibration and transverse momentum resolution in CMS}",
  journal            = "Journal of Instrumentation",
  volume             = "6",
  number             = "11",
  pages              = "P11002",
  url                = {http://stacks.iop.org/1748-0221/6/i=11/a=P11002},
  year               = "2011",
}


@article{JESandJER,
      author         = "Khachatryan, Vardan and others",
      title          = "{Jet energy scale and resolution in the CMS experiment in
                        pp collisions at 8 TeV}",
      collaboration  = "CMS",
      journal        = "JINST",
      volume         = "12",
      year           = "2017",
      number         = "02",
      pages          = "P02014",
      doi            = "10.1088/1748-0221/12/02/P02014",
      eprint         = "1607.03663",
      archivePrefix  = "arXiv",
      primaryClass   = "hep-ex",
      reportNumber   = "CMS-JME-13-004, CERN-PH-EP-2015-305",
      SLACcitation   = "%%CITATION = ARXIV:1607.03663;%%"
}

@techreport{JecJet,
      title         = "{Plans for Jet Energy Corrections at CMS}",
      institution   = "CERN",
      collaboration = "CMS Collaboration",
      address       = "Geneva",
      number        = "CMS-PAS-JME-07-002",
      month         = "Jul",
      year          = "2008",
      reportNumber  = "CMS-PAS-JME-07-002",
      url           = "https://cds.cern.ch/record/1194485",
}

@misc{JetPOG,
author = {CMS Collaboration},
title = {JME POG},
year = {2018},
howpublished = {\url{https://twiki.cern.ch/twiki/bin/view/CMS/JECDataMC#Jet_Energy_Corrections_in_Run2}},
note = {Access date 2018-03-14}
}
@article{bjetID,
      author         = "Chatrchyan, Serguei and others",
      title          = "{Identification of b-quark jets with the CMS experiment}",
      collaboration  = "CMS",
      journal        = "JINST",
      volume         = "8",
      year           = "2013",
      pages          = "P04013",
      doi            = "10.1088/1748-0221/8/04/P04013",
      eprint         = "1211.4462",
      archivePrefix  = "arXiv",
      primaryClass   = "hep-ex",
      reportNumber   = "CMS-BTV-12-001, CERN-PH-EP-2012-262",
      SLACcitation   = "%%CITATION = ARXIV:1211.4462;%%"
}

@article{bjetperformance,
      author         = "CMS Collaboration",
      title          = "{Performance of b tagging at $\sqrt(s)$ =8 TeV in multijet,
                        ttbar and boosted topology events}",
      collaboration  = "CMS",
      year           = "2013",
      reportNumber   = "CMS-PAS-BTV-13-001",
      SLACcitation   = "%%CITATION = CMS-PAS-BTV-13-001;%%"
}

@article{bjetWP,
      author         = "CMS Collaboration",
      title          = "{Identification of b quark jets at the CMS Experiment in
                        the LHC Run 2}",
      collaboration  = "CMS",
      year           = "2016",
      reportNumber   = "CMS-PAS-BTV-15-001",
      SLACcitation   = "%%CITATION = CMS-PAS-BTV-15-001;%%"
}

@article{PerformancebJetjetmet,
      author	     = "Mia Tosi",
      title	     = "Performance of Tracking, b-tagging and Jet/MET reconstruction at the CMS High Level Trigger",
      journal	     = "Journal of Physics: Conference Series",
      volume	     = "664",
      number	     = "8",
      pages	     = "082055",
      url	     = "http://stacks.iop.org/1742-6596/664/i=8/a=082055",
      year	     = "2015"
}

@article{METPerformance,
      author         = "Chatrchyan, Serguei and others",
      title          = "{Missing transverse energy performance of the CMS
                        detector}",
      collaboration  = "CMS",
      journal        = "JINST",
      volume         = "6",
      year           = "2011",
      pages          = "P09001",
      doi            = "10.1088/1748-0221/6/09/P09001",
      eprint         = "1106.5048",
      archivePrefix  = "arXiv",
      primaryClass   = "physics.ins-det",
      reportNumber   = "CERN-PH-EP-2011-051, CMS-JME-10-009",
      SLACcitation   = "%%CITATION = ARXIV:1106.5048;%%"
}

@techreport{METPerformance2,
      title         = "{Performance of missing energy reconstruction in 13 TeV pp
                       collision data using the CMS detector}",
      institution   = "CERN",
      collaboration = "CMS Collaboration",
      address       = "Geneva",
      number        = "CMS-PAS-JME-16-004",
      year          = "2016",
      reportNumber  = "CMS-PAS-JME-16-004",
      url           = "http://cds.cern.ch/record/2205284",
}

@misc{METPOG,
author = {CMS Collaboration},
title = {JME POG},
year = {2018},
howpublished = {\url{https://twiki.cern.ch/twiki/bin/viewauth/CMS/MissingETOptionalFiltersRun2}},
note = {Access date 2018-03-14}
}

%%%%%%%%%%%%%%%%%%%%%%%%%TAU
@techreport{CMS-PAS-TAU-16-002,
      title         = "{Performance of reconstruction and identification of tau
                       leptons in their decays to hadrons and tau neutrino in LHC
                       Run-2}",
      institution   = "CERN",
      collaboration = "CMS Collaboration",
      address       = "Geneva",
      number        = "CMS-PAS-TAU-16-002",
      year          = "2016",
      reportNumber  = "CMS-PAS-TAU-16-002",
      url           = "https://cds.cern.ch/record/2196972",
}

@techreport{CMS-PAS-PFT-10-001,
      title         = "{Commissioning of the Particle-flow Event Reconstruction
                       with the first LHC collisions recorded in the CMS
                       detector}",
      collaboration = "CMS Collaboration",
      address       = "2010",
      number        = "CMS-PAS-PFT-10-001",
      reportNumber  = "CMS-PAS-PFT-10-001",
      url           = "https://cds.cern.ch/record/1247373",
}

}