%%%%%%%%%%%%%%%%%%%%%%%%%%%%%%%%%%%%%%%%%%%%%%%%%%%%%%%%%%%%%%%%%%%%%%%%%%%%%%%%%%%%%%%%%%%%%%%%
%------------------------------------CHAPTER 5: ANALYSIS ------------------------------------------------%
%%%%%%%%%%%%%%%%%%%%%%%%%%%%%%%%%%%%%%%%%%%%%%%%%%%%%%%%%%%%%%%%%%%%%%%%%%%%%%%%%%%%%%%%%%%%%%%%

@article{TauTrigger,
title = "Tau lepton trigger and identification at CMS in Run-2",
journal = "Nuclear and Particle Physics Proceedings",
volume = "287-288",
pages = "107 - 110",
year = "2017",
note = "The 14th International Workshop on Tau Lepton Physics",
issn = "2405-6014",
doi = "https://doi.org/10.1016/j.nuclphysbps.2017.03.055",
url = "http://www.sciencedirect.com/science/article/pii/S2405601417301153",
author = "O. Davignon",
keywords = "trigger, tau, lepton, identification, CMS, LHC, Run-2"
}

@article{bib:pythia,
      author         = "Sjöstrand, Torbjörn and Ask, Stefan and Christiansen,
                        Jesper R. and Corke, Richard and Desai, Nishita and Ilten,
                        Philip and Mrenna, Stephen and Prestel, Stefan and
                        Rasmussen, Christine O. and Skands, Peter Z.",
      title          = "{An Introduction to PYTHIA 8.2}",
      journal        = "Comput. Phys. Commun.",
      volume         = "191",
      year           = "2015",
      pages          = "159-177",
      doi            = "10.1016/j.cpc.2015.01.024",
      eprint         = "1410.3012",
      archivePrefix  = "arXiv",
      primaryClass   = "hep-ph",
      reportNumber   = "LU-TP-14-36, MCNET-14-22, CERN-PH-TH-2014-190,
                        FERMILAB-PUB-14-316-CD, DESY-14-178, SLAC-PUB-16122",
      SLACcitation   = "%%CITATION = ARXIV:1410.3012;%%"
}

@article{bib:madgraph,
      author         = "Alwall, Johan and Herquet, Michel and Maltoni, Fabio and
                        Mattelaer, Olivier and Stelzer, Tim",
      title          = "{MadGraph 5 : Going Beyond}",
      journal        = "JHEP",
      volume         = "06",
      year           = "2011",
      pages          = "128",
      doi            = "10.1007/JHEP06(2011)128",
      eprint         = "1106.0522",
      archivePrefix  = "arXiv",
      primaryClass   = "hep-ph",
      reportNumber   = "FERMILAB-PUB-11-448-T",
      SLACcitation   = "%%CITATION = ARXIV:1106.0522;%%"
}

@article{bib:comphep,
  author           = "E.E. Boos and V.E. Bunichev and M.N. Dubinin and V.A. Ilyin and V.I. Savrin and  CompHEP Collaboration",
  title={CompHEP: developments and applications},
  journal={Journal of Physics: Conference Series},
  volume={920},
  number={1},
  pages={012007},
  url={http://stacks.iop.org/1742-6596/920/i=1/a=012007},
  year={2017},
}

@article{bib:Powheg1,
      author         = "Oleari, Carlo",
      title          = "{The POWHEG-BOX}",
      booktitle      = "{Proceedings,  10th DESY Workshop on Elementary Particle
                        Theory: Loops and Legs in Quantum Field Theory: Woerlitz,
                        Germany, April 25-30, 2010}",
      journal        = "Nucl. Phys. Proc. Suppl.",
      volume         = "205-206",
      year           = "2010",
      pages          = "36-41",
      doi            = "10.1016/j.nuclphysbps.2010.08.016",
      eprint         = "1007.3893",
      archivePrefix  = "arXiv",
      primaryClass   = "hep-ph",
      SLACcitation   = "%%CITATION = ARXIV:1007.3893;%%"
}

@article{bib:Powheg2,
      author         = "Frixione, Stefano and Nason, Paolo and Oleari, Carlo",
      title          = "{Matching NLO QCD computations with Parton Shower
                        simulations: the POWHEG method}",
      journal        = "JHEP",
      volume         = "11",
      year           = "2007",
      pages          = "070",
      doi            = "10.1088/1126-6708/2007/11/070",
      eprint         = "0709.2092",
      archivePrefix  = "arXiv",
      primaryClass   = "hep-ph",
      reportNumber   = "BICOCCA-FT-07-9, GEF-TH-21-2007",
      SLACcitation   = "%%CITATION = ARXIV:0709.2092;%%"
}

@article{bib:sherpa,
      author         = "Gleisberg, T. and Hoeche, Stefan. and Krauss, F. and
                        Schonherr, M. and Schumann, S. and Siegert, F. and Winter,
                        J.",
      title          = "{Event generation with SHERPA 1.1}",
      journal        = "JHEP",
      volume         = "02",
      year           = "2009",
      pages          = "007",
      doi            = "10.1088/1126-6708/2009/02/007",
      eprint         = "0811.4622",
      archivePrefix  = "arXiv",
      primaryClass   = "hep-ph",
      reportNumber   = "FERMILAB-PUB-08-477-T, SLAC-PUB-13420, ZU-TH-17-08,
                        DCPT-08-138, IPPP-08-69, EDINBURGH-2008-30, MCNET-08-14",
      SLACcitation   = "%%CITATION = ARXIV:0811.4622;%%"
}

@article{bib:geant4,
      author         = "Agostinelli, S. and others",
      title          = "{GEANT4: A Simulation toolkit}",
      collaboration  = "GEANT4",
      journal        = "Nucl. Instrum. Meth.",
      volume         = "A506",
      year           = "2003",
      pages          = "250-303",
      doi            = "10.1016/S0168-9002(03)01368-8",
      reportNumber   = "SLAC-PUB-9350, FERMILAB-PUB-03-339",
      SLACcitation   = "%%CITATION = NUIMA,A506,250;%%"
}

@article{bib:FullSim,
      author         = "Hildreth, M. and Ivanchenko, V. N. and Lange, D. J. and
                        Kortelainen, M. J.",
      title          = "{CMS Full Simulation for Run-2}",
      booktitle      = "{Proceedings, 21st International Conference on Computing
                        in High Energy and Nuclear Physics (CHEP 2015): Okinawa,
                        Japan, April 13-17, 2015}",
      journal        = "J. Phys. Conf. Ser.",
      volume         = "664",
      year           = "2015",
      number         = "7",
      pages          = "072022",
      doi            = "10.1088/1742-6596/664/7/072022",
      SLACcitation   = "%%CITATION = 00462,664,072022;%%"
}

@article{bib:tauola,
      author         = "Was, Z.",
      title          = "{TAUOLA the library for tau lepton decay, and KKMC /
                        KORALB / KORALZ /... status report}",
      booktitle      = "{Tau lepton physics. Proceedings, 6th International
                        Workshop, TAU 2000, Victoria, Canada, September 18-21,
                        2000}",
      journal        = "Nucl. Phys. Proc. Suppl.",
      volume         = "98",
      year           = "2001",
      pages          = "96-102",
      doi            = "10.1016/S0920-5632(01)01200-2",
      note           = "[,96(2000)]",
      eprint         = "hep-ph/0011305",
      archivePrefix  = "arXiv",
      primaryClass   = "hep-ph",
      SLACcitation   = "%%CITATION = HEP-PH/0011305;%%"
}

@techreport{Luminosity,
      title         = "{CMS Luminosity Measurements for the 2016 Data Taking Period}",
      institution   = "CERN",
      collaboration = "CMS Collaboration",
      address       = "Geneva",
      number        = "CMS-PAS-LUM-17-001",
      year          = "2017",
      reportNumber  = "CMS-PAS-LUM-17-001",
      url           = "http://cds.cern.ch/record/2257069",
}

@misc{TauPOG,
author = {CMS Collaboration},
title = {TauPOG},
year = {2018},
howpublished = {\url{https://twiki.cern.ch/twiki/bin/viewauth/CMS/TauIDRecommendation13TeV}},
note = {Access date 2018-03-14}
}

@misc{JetMETPOG,
author = {CMS Collaboration},
title = {JetMET POG},
year = {2018},
howpublished = {\url{https://twiki.cern.ch/twiki/bin/view/CMS/JECUncertaintySources#Main_uncertainties_2016_80X}},
note = {Access date 2018-03-14}
}

@article{PDFUncertainty,
      author         = "Butterworth, Jon and others",
      title          = "{PDF4LHC recommendations for LHC Run II}",
      journal        = "J. Phys.",
      volume         = "G43",
      year           = "2016",
      pages          = "023001",
      doi            = "10.1088/0954-3899/43/2/023001",
      eprint         = "1510.03865",
      archivePrefix  = "arXiv",
      primaryClass   = "hep-ph",
      reportNumber   = "OUTP-15-17P, SMU-HEP-15-12, TIF-UNIMI-2015-14,
                        LCTS-2015-27, CERN-PH-TH-2015-249",
      SLACcitation   = "%%CITATION = ARXIV:1510.03865;%%"
}

@phdthesis{ZaixingThesis,
  author       = "Mao, Zaixing, and Heintz, Ulrich",
  title        = "Search for New Physics with Tau Lepton Final States",
  school       = "Brown University. Department of Physics",
  year         = 2017,
  url           = "https://repository.library.brown.edu/studio/item/bdr:733436/",
}

%%%%%%%%%%%%%%%%%%%%%%%%%%%%%%%%%%%%%%%%%%%%%%%%%%%%%%%%%%%%%%%%%%%%%%%%%%%%%%%%%%%%%%%%%%%%%%%%
%------------------------------------CHAPTER 6: RESULTS AND CONCLUSION ------------------------%
%%%%%%%%%%%%%%%%%%%%%%%%%%%%%%%%%%%%%%%%%%%%%%%%%%%%%%%%%%%%%%%%%%%%%%%%%%%%%%%%%%%%%%%%%%%%%%%%

@article{CLs1Cowan,
      author         = "Cowan, Glen and Cranmer, Kyle and Gross, Eilam and
                        Vitells, Ofer",
      title          = "{Asymptotic formulae for likelihood-based tests of new
                        physics}",
      journal        = "Eur. Phys. J.",
      volume         = "C71",
      year           = "2011",
      pages          = "1554",
      doi            = "10.1140/epjc/s10052-011-1554-0,
                        10.1140/epjc/s10052-013-2501-z",
      note           = "[Erratum: Eur. Phys. J.C73,2501(2013)]",
      eprint         = "1007.1727",
      archivePrefix  = "arXiv",
      primaryClass   = "physics.data-an",
      SLACcitation   = "%%CITATION = ARXIV:1007.1727;%%"
}

@inproceedings{CLs2,
      author         = "Read, Alexander L.",
      title          = "{Modified frequentist analysis of search results (The
                        CL(s) method)}",
      booktitle      = "{Workshop on confidence limits, CERN, Geneva,
                        Switzerland, 17-18 Jan 2000: Proceedings}",
      url            = "http://weblib.cern.ch/abstract?CERN-OPEN-2000-205",
      year           = "2000",
      pages          = "81-101",
      reportNumber   = "CERN-OPEN-2000-205",
      SLACcitation   = "%%CITATION = CERN-OPEN-2000-205;%%"
}

@misc{CombinedTool,
author = {CMS Collaboration},
title = {HiggsAnalysisCombinedLimit},
year = {2018},
howpublished = {\url{https://twiki.cern.ch/twiki/bin/viewauth/CMS/SWGuideHiggsAnalysisCombinedLimit}},
note = {Access date 2018-03-14}
}