%%%%%%%%%%%%%%%%%%%%%%%%%%%%%%%%%%%%%%%%%%%%%%%%%%%%%%%%%%%%%%%%%%%%%%%%%%%%%%%%%%%%%%%%%%%%%%%%
%------------------------------------CHAPTER 1: TEORIA ------------------------------------------------%
%%%%%%%%%%%%%%%%%%%%%%%%%%%%%%%%%%%%%%%%%%%%%%%%%%%%%%%%%%%%%%%%%%%%%%%%%%%%%%%%%%%%%%%%%%%%%%%%

@inproceedings{ZprimeMixing,
      author         = "Rizzo, Thomas G.",
      title          = "{$Z^{\prime}$ phenomenology and the LHC}",
      booktitle      = "{Proceedings of Theoretical Advanced Study Institute in
                        Elementary Particle Physics : Exploring New Frontiers
                        Using Colliders and Neutrinos (TASI 2006): Boulder,
                        Colorado, June 4-30, 2006}",
      url            = "http://www-public.slac.stanford.edu/sciDoc/docMeta.aspx?slacPubNumber=slac-pub-12129",
      year           = "2006",
      pages          = "537-575",
      eprint         = "hep-ph/0610104",
      archivePrefix  = "arXiv",
      primaryClass   = "hep-ph",
      reportNumber   = "SLAC-PUB-12129",
      SLACcitation   = "%%CITATION = HEP-PH/0610104;%%"
}

@article{bib:SSM,
      author         = "Altarelli, Guido and Mele, B. and Ruiz-Altaba, M.",
      title          = "{Searching for New Heavy Vector Bosons in $p \bar{p}$
                        Colliders}",
      journal        = "Z. Phys.",
      volume         = "C45",
      year           = "1989",
      pages          = "109",
      doi            = "10.1007/BF01552335, 10.1007/BF01556677",
      note           = "[Erratum: Z. Phys.C47,676(1990)]",
      reportNumber   = "CERN-TH-5323-89",
      SLACcitation   = "%%CITATION = ZEPYA,C45,109;%%"
}


@article{leftrightmodels,
      author         = "Senjanovic, G. and Mohapatra, Rabindra N.",
      title          = "{Exact Left-Right Symmetry and Spontaneous Violation of
                        Parity}",
      journal        = "Phys. Rev.",
      volume         = "D12",
      year           = "1975",
      pages          = "1502",
      doi            = "10.1103/PhysRevD.12.1502",
      reportNumber   = "CCNY-HEP-75-5",
      SLACcitation   = "%%CITATION = PHRVA,D12,1502;%%"
}

@article{E6models,
      author         = "Hewett, JoAnne L. and Rizzo, Thomas G.",
      title          = "{Low-Energy Phenomenology of Superstring Inspired E(6)
                        Models}",
      journal        = "Phys. Rept.",
      volume         = "183",
      year           = "1989",
      pages          = "193",
      doi            = "10.1016/0370-1573(89)90071-9",
      reportNumber   = "MAD-PH-446, IS-J-3005",
      SLACcitation   = "%%CITATION = PRPLC,183,193;%%"
}

@article{Technicolor,
      author         = "Hill, Christopher T. and Simmons, Elizabeth H.",
      title          = "{Strong dynamics and electroweak symmetry breaking}",
      journal        = "Phys. Rept.",
      volume         = "381",
      year           = "2003",
      pages          = "235-402",
      doi            = "10.1016/S0370-1573(03)00140-6",
      note           = "[Erratum: Phys. Rept.390,553(2004)]",
      eprint         = "hep-ph/0203079",
      archivePrefix  = "arXiv",
      primaryClass   = "hep-ph",
      reportNumber   = "FERMILAB-PUB-02-045-T, BUHEP-01-09, FERMI-PUB-02-045-T",
      SLACcitation   = "%%CITATION = HEP-PH/0203079;%%"
}


@article{LittleHiggs1,
      author         = "Han, Tao and Logan, Heather E. and McElrath, Bob and
                        Wang, Lian-Tao",
      title          = "{Phenomenology of the little Higgs model}",
      journal        = "Phys. Rev.",
      volume         = "D67",
      year           = "2003",
      pages          = "095004",
      doi            = "10.1103/PhysRevD.67.095004",
      eprint         = "hep-ph/0301040",
      archivePrefix  = "arXiv",
      primaryClass   = "hep-ph",
      reportNumber   = "MADPH-02-1317",
      SLACcitation   = "%%CITATION = HEP-PH/0301040;%%"
}

@article{LittleHiggs2,
      author         = "Arkani-Hamed, N. and Cohen, A. G. and Katz, E. and
                        Nelson, A. E.",
      title          = "{The Littlest Higgs}",
      journal        = "JHEP",
      volume         = "07",
      year           = "2002",
      pages          = "034",
      doi            = "10.1088/1126-6708/2002/07/034",
      eprint         = "hep-ph/0206021",
      archivePrefix  = "arXiv",
      primaryClass   = "hep-ph",
      reportNumber   = "UW-PT-01-07, HUTP-02-A017, BUHEP-02-23",
      SLACcitation   = "%%CITATION = HEP-PH/0206021;%%"
}

@article{LEP1,
      author         = "Abbiendi, G. and others",
      title          = "{Tests of the standard model and constraints on new
                        physics from measurements of fermion pair production at
                        189-GeV to 209-GeV at LEP}",
      collaboration  = "OPAL",
      journal        = "Eur. Phys. J.",
      volume         = "C33",
      year           = "2004",
      pages          = "173-212",
      doi            = "10.1140/epjc/s2004-01595-9",
      eprint         = "hep-ex/0309053",
      archivePrefix  = "arXiv",
      primaryClass   = "hep-ex",
      reportNumber   = "CERN-EP-2003-053",
      SLACcitation   = "%%CITATION = HEP-EX/0309053;%%"
}

@article{LEP2,
      title          = "{A Combination of preliminary electroweak measurements
                        and constraints on the standard model}",
      collaboration  = "DELPHI, OPAL, ALEPH, LEP Electroweak Working Group, L3",
      year           = "2005",
      eprint         = "hep-ex/0511027",
      archivePrefix  = "arXiv",
      primaryClass   = "hep-ex",
      reportNumber   = "CERN-PH-EP-2005-051, LEPEWWG-2005-01,
                        ALEPH-2005-004-PHYSICS-2005-004, DELPHI-2005-027-PHYS-947,
                        L3-NOTE-2832, OPAL-PR-413",
      SLACcitation   = "%%CITATION = HEP-EX/0511027;%%"
}

@article{bib:PDG,
      author         = "Olive, K. A. and others",
      title          = "{Review of Particle Physics}",
      collaboration  = "Particle Data Group",
      journal        = "Chin. Phys.",
      volume         = "C38",
      year           = "2014",
      pages          = "090001",
      doi            = "10.1088/1674-1137/38/9/090001",
      SLACcitation   = "%%CITATION = CHPHD,C38,090001;%%"
}